{"prime":"sa","number_set":{"balancesheet":[["Share Capital",{"2017-03-31":24.77,"2016-03-31":24.77,"2014-03-31":9.91,"2011-03-31":0.05,"2015-03-31":24.77,"2013-03-31":9.91,"2012-03-31":0.3,"2010-03-31":0.05,"2009-03-31":0.05}],["Reserves",{"2017-03-31":11.7,"2016-03-31":10.52,"2014-03-31":8.46,"2011-03-31":3.36,"2015-03-31":9.68,"2013-03-31":7.11,"2012-03-31":5.23,"2010-03-31":1.88,"2009-03-31":0.67}],["Borrowings",{"2017-03-31":0.42,"2016-03-31":0.43,"2014-03-31":1.85,"2011-03-31":5.09,"2015-03-31":0.3,"2013-03-31":5.78,"2012-03-31":2.98,"2010-03-31":4.96,"2009-03-31":4.96}],["Other Liabilities",{"2017-03-31":1.26,"2016-03-31":0.95,"2014-03-31":0.94,"2011-03-31":0.59,"2015-03-31":1.0,"2013-03-31":0.06,"2012-03-31":0.49,"2010-03-31":0.57,"2009-03-31":0.57}],["Total Liabilities",{"2017-03-31":38.15,"2016-03-31":36.67,"2014-03-31":21.16,"2011-03-31":9.09,"2015-03-31":35.75,"2013-03-31":22.86,"2012-03-31":9.0,"2010-03-31":7.46,"2009-03-31":6.25}],["Fixed Assets",{"2017-03-31":14.79,"2016-03-31":16.32,"2014-03-31":12.14,"2011-03-31":5.5,"2015-03-31":16.83,"2013-03-31":11.4,"2012-03-31":5.49,"2010-03-31":5.51,"2009-03-31":5.51}],["CWIP",{"2017-03-31":0.0,"2016-03-31":0.0,"2014-03-31":0.0,"2011-03-31":0.0,"2015-03-31":0.0,"2013-03-31":0.0,"2012-03-31":0.0,"2010-03-31":0.0,"2009-03-31":0.0}],["Investments",{"2017-03-31":0.3,"2016-03-31":0.3,"2014-03-31":0.1,"2011-03-31":0.0,"2015-03-31":0.3,"2013-03-31":0.0,"2012-03-31":0.0,"2010-03-31":0.0,"2009-03-31":0.0}],["Other Assets",{"2017-03-31":23.06,"2016-03-31":20.05,"2014-03-31":8.92,"2011-03-31":3.59,"2015-03-31":18.62,"2013-03-31":11.46,"2012-03-31":3.51,"2010-03-31":1.95,"2009-03-31":0.74}],["Total Assets",{"2017-03-31":38.15,"2016-03-31":36.67,"2014-03-31":21.16,"2011-03-31":9.09,"2015-03-31":35.75,"2013-03-31":22.86,"2012-03-31":9.0,"2010-03-31":7.46,"2009-03-31":6.25}]],"annual":[["Sales",{"2017-03-31":3.3,"2016-03-31":3.39,"2014-03-31":2.8,"2011-03-31":0.79,"2015-03-31":3.18,"2013-03-31":2.65,"2012-03-31":3.88,"2010-03-31":0.64,"2009-03-31":0.15}],["Expenses",{"2017-03-31":0.71,"2016-03-31":0.51,"2014-03-31":0.98,"2011-03-31":-0.7,"2015-03-31":0.73,"2013-03-31":0.45,"2012-03-31":2.0,"2010-03-31":-0.58,"2009-03-31":-0.53}],["Operating Profit",{"2017-03-31":2.59,"2016-03-31":2.88,"2014-03-31":1.82,"2011-03-31":1.49,"2015-03-31":2.45,"2013-03-31":2.2,"2012-03-31":1.88,"2010-03-31":1.22,"2009-03-31":0.68}],["OPM",{"2017-03-31":78.48,"2016-03-31":84.96,"2014-03-31":65.0,"2011-03-31":188.61,"2015-03-31":77.04,"2013-03-31":83.02,"2012-03-31":48.45,"2010-03-31":190.63,"2009-03-31":453.33}],["Other Income",{"2017-03-31":0.23,"2016-03-31":0.43,"2014-03-31":0.12,"2011-03-31":0.0,"2015-03-31":0.12,"2013-03-31":0.1,"2012-03-31":0.0,"2010-03-31":0.0,"2009-03-31":0.0}],["Interest",{"2017-03-31":0.04,"2016-03-31":0.06,"2014-03-31":0.0,"2011-03-31":0.0,"2015-03-31":0.03,"2013-03-31":0.0,"2012-03-31":0.0,"2010-03-31":0.0,"2009-03-31":0.0}],["Depreciation",{"2017-03-31":1.52,"2016-03-31":2.27,"2014-03-31":0.56,"2011-03-31":0.01,"2015-03-31":1.29,"2013-03-31":0.52,"2012-03-31":0.01,"2010-03-31":0.01,"2009-03-31":0.01}],["Profit before tax",{"2017-03-31":1.26,"2016-03-31":0.97,"2014-03-31":1.39,"2011-03-31":1.48,"2015-03-31":1.27,"2013-03-31":1.78,"2012-03-31":1.87,"2010-03-31":1.21,"2009-03-31":0.67}],["Tax",{"2017-03-31":0.07,"2016-03-31":0.13,"2014-03-31":0.04,"2011-03-31":0.0,"2015-03-31":0.04,"2013-03-31":0.03,"2012-03-31":0.0,"2010-03-31":0.0,"2009-03-31":0.0}],["Net Profit",{"2017-03-31":1.19,"2016-03-31":0.84,"2014-03-31":1.35,"2011-03-31":1.48,"2015-03-31":1.22,"2013-03-31":1.75,"2012-03-31":1.87,"2010-03-31":1.21,"2009-03-31":0.67}],["EPS (unadj)",{"2017-03-31":0.05,"2016-03-31":0.03,"2014-03-31":1.36,"2011-03-31":296.0,"2015-03-31":0.05,"2013-03-31":1.76,"2012-03-31":62.42,"2010-03-31":242.0,"2009-03-31":178.67}],["Dividend Payout",{"2017-03-31":0.0,"2016-03-31":0.0,"2014-03-31":0.0,"2011-03-31":0.0,"2015-03-31":0.0,"2013-03-31":0.0,"2012-03-31":0.0,"2010-03-31":0.0,"2009-03-31":0.0}]],"cashflow":[["Cash from Operating Activity",{"2017-03-31":3.07,"2016-03-31":2.25,"2014-03-31":3.34,"2011-03-31":0.17,"2015-03-31":1.75,"2013-03-31":3.84,"2012-03-31":1.25,"2010-03-31":0.37,"2009-03-31":0.62}],["Cash from Investing Activity",{"2017-03-31":-2.66,"2016-03-31":-2.06,"2014-03-31":-0.11,"2011-03-31":0.0,"2015-03-31":-14.77,"2013-03-31":-15.55,"2012-03-31":-2.11,"2010-03-31":0.0,"2009-03-31":-5.52}],["Cash from Financing Activity",{"2017-03-31":-0.01,"2016-03-31":0.12,"2014-03-31":-3.7,"2011-03-31":0.12,"2015-03-31":13.31,"2013-03-31":12.09,"2012-03-31":0.27,"2010-03-31":0.0,"2009-03-31":5.01}],["Net Cash Flow",{"2017-03-31":0.4,"2016-03-31":0.31,"2014-03-31":-0.47,"2011-03-31":0.29,"2015-03-31":0.29,"2013-03-31":0.38,"2012-03-31":-0.59,"2010-03-31":0.37,"2009-03-31":0.11}]],"quarters":[["Sales",{"2016-06-30":0.11,"2016-12-31":1.25,"2015-12-31":0.0,"2017-03-31":2.28,"2016-03-31":2.06}],["Expenses",{"2016-06-30":0.0,"2016-12-31":0.19,"2015-12-31":0.0,"2017-03-31":0.54,"2016-03-31":0.55}],["Operating Profit",{"2016-06-30":0.11,"2016-12-31":1.06,"2015-12-31":0.0,"2017-03-31":1.74,"2016-03-31":1.51}],["OPM",{"2016-06-30":100.0,"2016-12-31":84.8,"2015-12-31":"--","2017-03-31":76.32,"2016-03-31":73.3}],["Other Income",{"2016-06-30":-0.11,"2016-12-31":0.0,"2015-12-31":0.0,"2017-03-31":0.0,"2016-03-31":0.0}],["Depreciation",{"2016-06-30":0.0,"2016-12-31":0.76,"2015-12-31":0.0,"2017-03-31":0.78,"2016-03-31":1.12}],["Interest",{"2016-06-30":0.0,"2016-12-31":0.0,"2015-12-31":0.0,"2017-03-31":0.0,"2016-03-31":0.0}],["Profit before tax",{"2016-06-30":0.0,"2016-12-31":0.3,"2015-12-31":0.0,"2017-03-31":0.96,"2016-03-31":0.39}],["Tax",{"2016-06-30":0.0,"2016-12-31":0.09,"2015-12-31":0.0,"2017-03-31":0.07,"2016-03-31":0.13}],["Net Profit",{"2016-06-30":0.0,"2016-12-31":0.21,"2015-12-31":0.0,"2017-03-31":0.88,"2016-03-31":0.25}]]},"bse_code":"534839","short_name":"Eco Friendly","nse_code":"","companyrating_set":[],"annualreport_set":[{"source":"bse","report_date":2017,"link":"http://www.bseindia.com/bseplus/annualreport/https:/https://www.bseindia.com/bseplus/AnnualReport/534839/5348390317.pdf"},{"source":"bse","report_date":2016,"link":"http://www.bseindia.com/bseplus/AnnualReport/534839/5348390316.pdf"},{"source":"bse","report_date":2015,"link":"http://www.bseindia.com/bseplus/AnnualReport/534839/5348390315.pdf"},{"source":"bse","report_date":2014,"link":"http://www.bseindia.com/bseplus/AnnualReport/534839/5348390314.pdf"},{"source":"bse","report_date":2013,"link":"http://www.bseindia.com/bseplus/annualreport/534839/5348390313.pdf"}],"announcement_set":[{"ann_date":"26 Apr 2018","announcement":"Certificate Pursuant To Regulation 7(3) Of The SEBI (Listing Obligations And Disclosure Requirements) Regulations, 2015 For The Half Financial Year Ended March 31, 2018","link":"https://www.bseindia.com/corporates/anndet_new.aspx?newsid\u003d491bb654-ff9b-4c96-aa34-a949a6d67e36"},{"ann_date":"24 Apr 2018","announcement":"Certificate Pursuant To Regulation 40(9) Of SEBI(LODR) Regulation, 2015.","link":"https://www.bseindia.com/corporates/anndet_new.aspx?newsid\u003d500db0bc-74d3-49cf-a34a-0e7050b6435f"},{"ann_date":"20 Apr 2018","announcement":"Shareholding for the Period Ended March 31, 2018","link":"https://www.bseindia.com/corporates/anndet_new.aspx?newsid\u003d1dabab38-0ba0-4bb1-870d-474280047505"},{"ann_date":"06 Apr 2018","announcement":"Statement Of Investor Complaints For The Quarter Ended March 2018","link":"https://www.bseindia.com/corporates/anndet_new.aspx?newsid\u003dadc901c3-4ce0-429c-b00e-09eef699bbca"},{"ann_date":"13 Jan 2018","announcement":"Appointment of Director","link":"http://www.bseindia.com/corporates/anndet_new.aspx?newsid\u003d738b6e55-0533-43d4-ac11-914d9f510256"}],"warehouse_set":{"high_price":23.9,"low_price":17.25,"current_price":17.25,"dividend_yield":0.0,"face_value":1.0,"id":81277,"sales_growth_3years":5.63,"profit_growth_5years":-8.64,"average_return_on_equity_3years":3.44,"book_value":1.47,"status":"Active","market_capitalization":427.2,"price_to_earning":318.85,"industry":"Other Agricultural Products","analysis":{"remarks":[],"bad":["Stock is trading at 11.71 times its book value","Though the company is reporting repeated profits, it is not paying out dividend","The company has delivered a poor growth of -3.19% over past five years.","Promoter holding is low: 20.37%","Company has a low return on equity of 3.44% for last 3 years."],"good":["Company is virtually debt free."]},"result_type":"sa","profit_growth_3years":-4.12,"sales_growth_5years":-3.19,"return_on_equity":3.32,"average_return_on_equity_5years":5.43},"id":199864,"name":"Eco Friendly Food Processing Park Ltd","screenerStockPrice":{"prices":[1.04,0.95,0.86,0.95,1.05,1.15,1.27,1.4,1.54,1.69,1.87,2.05,2.26,2.49,2.88,3.48,4.21,3.81,3.44,3.6,4.09,4.29,5.6,6.2,6.95,7.54,8.1,8.75,9.35,10.08,10.92,11.79,12.87,14.07,15.02,15.62,16.24,16.88,17.55,18.24,18.93,19.66,20.41,20.42,20.44,20.92,21.62,21.6,22.41,23.27,24.13,24.13,24.68,25.67,26.71,27.77,28.89,31.85,35.11,38.7,38.8,41.6,43.5,44.5,42.28,42.4,41.99,42.1,42.1,42.2,42.15,42.1,42.2,42.4,39.4,40.5,41.7,38.5,41.0,41.61,41.67,40.0,39.89,40.19,37.9,41.11,41.05,41.51,41.61,41.65,41.83,42.0,42.05,41.89,41.59,41.39,41.37,41.39,41.4,41.37,41.36,41.19,40.0,39.99,39.88,37.4,37.5,45.0,52.35,54.7,54.5,54.5,54.5,54.2,54.2,53.6,53.45,52.58,52.8,51.71,50.4,50.3,50.0,49.85,49.8,49.5,48.15,45.4,40.9,34.3,36.5,34.85,31.1,27.0,24.55,22.5,22.05,22.15,23.0,23.65,23.6,23.2,25.25,27.5,29.7,32.5,35.65,38.9,42.4,44.05,45.75,47.55,49.3,49.9,50.0,49.65,49.6,49.6,49.55,49.35,49.6,49.7,49.3,49.25,48.8,49.2,49.45,49.05,49.4,49.75,49.75,49.45,49.2,48.2,48.05,48.4,49.7,49.75,49.0,46.85,42.35,46.15,49.15,49.45,49.7,46.0,47.05,48.65,46.7,48.05,47.15,48.95,47.05,42.5,42.3,41.8,37.8,34.2,30.9,33.15,35.45,35.15,31.75,25.75,24.75,24.7,25.6,26.3,27.2,28.2,29.25,30.2,31.1,31.1,30.1,28.95,27.85,26.8,25.8,24.8,23.9,23.0,22.1,21.3,20.5,19.7,19.0,18.3,17.6,16.95,16.35,15.75,16.35,16.95,17.45,18.1,18.8,19.5,20.15,20.95,21.5,21.8,22.5,23.05,23.8,24.7,24.7,25.65,26.45,27.35,27.3,26.3,25.3,24.35,23.45,22.55,21.7,20.9,20.1,19.35,19.0,18.3,17.6],"dates":["14 Jan 2013","16 Jan 2013","18 Jan 2013","23 Jan 2013","31 Jan 2013","11 Feb 2013","14 Feb 2013","05 Mar 2013","26 Mar 2013","02 Apr 2013","18 Apr 2013","26 Apr 2013","08 May 2013","17 May 2013","25 Jul 2013","30 Aug 2013","03 Sep 2013","05 Sep 2013","19 Sep 2013","15 Oct 2013","14 Nov 2013","30 Dec 2013","10 Jan 2014","14 Jan 2014","16 Jan 2014","20 Jan 2014","22 Jan 2014","24 Jan 2014","28 Jan 2014","30 Jan 2014","03 Feb 2014","05 Feb 2014","07 Feb 2014","11 Feb 2014","13 Feb 2014","17 Feb 2014","19 Feb 2014","21 Feb 2014","25 Feb 2014","28 Feb 2014","04 Mar 2014","06 Mar 2014","10 Mar 2014","12 Mar 2014","14 Mar 2014","19 Mar 2014","21 Mar 2014","24 Mar 2014","26 Mar 2014","28 Mar 2014","01 Apr 2014","04 Apr 2014","09 Apr 2014","11 Apr 2014","21 Apr 2014","28 Apr 2014","30 Apr 2014","14 May 2014","19 May 2014","22 May 2014","29 May 2014","02 Jun 2014","04 Jun 2014","06 Jun 2014","10 Jun 2014","12 Jun 2014","16 Jun 2014","18 Jun 2014","20 Jun 2014","24 Jun 2014","26 Jun 2014","01 Jul 2014","03 Jul 2014","09 Jul 2014","14 Jul 2014","16 Jul 2014","18 Jul 2014","22 Jul 2014","25 Jul 2014","30 Jul 2014","01 Aug 2014","05 Aug 2014","08 Aug 2014","13 Aug 2014","18 Aug 2014","20 Aug 2014","22 Aug 2014","26 Aug 2014","01 Sep 2014","03 Sep 2014","08 Sep 2014","15 Sep 2014","18 Sep 2014","22 Sep 2014","24 Sep 2014","29 Sep 2014","07 Oct 2014","10 Oct 2014","14 Oct 2014","20 Oct 2014","22 Oct 2014","28 Oct 2014","31 Oct 2014","05 Nov 2014","10 Nov 2014","14 Nov 2014","18 Nov 2014","20 Nov 2014","25 Nov 2014","27 Nov 2014","03 Dec 2014","05 Dec 2014","12 Dec 2014","16 Dec 2014","18 Dec 2014","22 Dec 2014","24 Dec 2014","01 Jan 2015","05 Jan 2015","07 Jan 2015","27 Jan 2015","10 Feb 2015","12 Feb 2015","16 Feb 2015","19 Feb 2015","24 Feb 2015","26 Feb 2015","28 Feb 2015","03 Mar 2015","05 Mar 2015","10 Mar 2015","12 Mar 2015","16 Mar 2015","19 Mar 2015","23 Mar 2015","25 Mar 2015","27 Mar 2015","31 Mar 2015","07 Apr 2015","15 Apr 2015","20 Apr 2015","22 Apr 2015","24 Apr 2015","28 Apr 2015","30 Apr 2015","05 May 2015","07 May 2015","11 May 2015","13 May 2015","18 May 2015","21 May 2015","25 May 2015","27 May 2015","29 May 2015","02 Jun 2015","04 Jun 2015","08 Jun 2015","10 Jun 2015","12 Jun 2015","16 Jun 2015","18 Jun 2015","22 Jun 2015","24 Jun 2015","26 Jun 2015","30 Jun 2015","02 Jul 2015","06 Jul 2015","09 Jul 2015","13 Jul 2015","15 Jul 2015","17 Jul 2015","21 Jul 2015","23 Jul 2015","27 Jul 2015","29 Jul 2015","31 Jul 2015","04 Aug 2015","06 Aug 2015","24 Aug 2015","28 Aug 2015","01 Sep 2015","03 Sep 2015","08 Sep 2015","10 Sep 2015","14 Sep 2015","16 Sep 2015","21 Sep 2015","23 Sep 2015","28 Sep 2015","01 Oct 2015","06 Oct 2015","08 Oct 2015","13 Oct 2015","16 Oct 2015","21 Oct 2015","29 Oct 2015","02 Nov 2015","04 Nov 2015","11 Nov 2015","19 Nov 2015","23 Nov 2015","26 Nov 2015","02 Dec 2015","23 Dec 2015","06 Jan 2016","24 Feb 2016","26 Feb 2016","01 Mar 2016","03 Mar 2016","08 Mar 2016","10 Mar 2016","14 Mar 2016","16 Mar 2016","18 Mar 2016","23 Mar 2016","29 Mar 2016","31 Mar 2016","12 Apr 2016","26 Apr 2016","28 Apr 2016","05 May 2016","11 May 2016","24 May 2016","30 May 2016","03 Jun 2016","09 Jun 2016","24 Jun 2016","29 Jun 2016","08 Jul 2016","13 Jul 2016","18 Jul 2016","02 Aug 2016","04 Aug 2016","08 Aug 2016","10 Aug 2016","12 Aug 2016","17 Aug 2016","19 Aug 2016","23 Aug 2016","25 Aug 2016","29 Aug 2016","31 Aug 2016","02 Sep 2016","08 Sep 2016","12 Sep 2016","19 Sep 2016","22 Sep 2016","26 Sep 2016","28 Sep 2016","30 Sep 2016","18 Oct 2016","13 Dec 2016","27 Mar 2017","06 Apr 2017","05 Jun 2017","18 Jul 2017","08 Aug 2017","27 Oct 2017","06 Nov 2017","08 Nov 2017","24 Nov 2017","14 Feb 2018","11 Apr 2018"],"id":"199864"},"stockPricesEventDays":{"exRightsStocks":{"20140401":24.16,"20140324":21.62,"20140225":17.57,"20140325":22.02,"20140303":18.61,"20140226":17.91,"20140322":21.21,"20140421":26.71,"20140224":17.23,"20140422":27.23,"20140320":21.29,"20140321":21.64,"20140409":24.71,"20140407":24.24,"20140429":28.33,"20140328":23.3,"20140306":19.68,"20140307":20.07,"20140428":27.77,"20140403":24.19,"20140326":22.43,"20140304":18.95,"20140404":24.16,"20140327":22.85,"20140305":19.33,"20140228":18.26,"20140313":20.51,"20140314":20.46,"20140410":25.2,"20140311":20.54,"20140411":25.7,"20140312":20.44,"20140331":23.75,"20140430":28.89,"20140310":20.43,"20140319":20.94,"20140318":20.53,"20140415":26.21},"anncStocks":{"20130725":2.88,"20130902":3.83,"20130913":3.62,"20130903":4.21,"20130904":4.01,"20130729":3.17,"20130905":3.81,"20130830":3.48},"recordStocks":{"20140401":24.16,"20140324":21.62,"20140225":17.57,"20140325":22.02,"20140303":18.61,"20140226":17.91,"20140322":21.21,"20140421":26.71,"20140422":27.23,"20140320":21.29,"20140321":21.64,"20140409":24.71,"20140407":24.24,"20140429":28.33,"20140328":23.3,"20140306":19.68,"20140307":20.07,"20140428":27.77,"20140403":24.19,"20140326":22.43,"20140304":18.95,"20140404":24.16,"20140327":22.85,"20140305":19.33,"20140228":18.26,"20140313":20.51,"20140314":20.46,"20140410":25.2,"20140311":20.54,"20140411":25.7,"20140312":20.44,"20140331":23.75,"20140430":28.89,"20140310":20.43,"20140319":20.94,"20140318":20.53,"20140415":26.21}}}