{"prime":"sa","number_set":{"balancesheet":[["Share Capital",{"2008-03-31":14.44,"2016-03-31":21.82,"2014-03-31":46.82,"2011-03-31":19.9,"2015-03-31":46.82,"2013-03-31":37.32,"2006-03-31":14.37,"2012-03-31":21.82,"2017-03-31":21.82,"2010-03-31":19.9,"2009-03-31":19.9,"2007-03-31":14.37}],["Reserves",{"2008-03-31":32.89,"2016-03-31":217.73,"2014-03-31":47.1,"2011-03-31":48.1,"2015-03-31":139.01,"2013-03-31":16.45,"2006-03-31":13.74,"2012-03-31":37.57,"2017-03-31":337.49,"2010-03-31":37.97,"2009-03-31":30.82,"2007-03-31":21.35}],["Borrowings",{"2008-03-31":140.66,"2016-03-31":142.9,"2014-03-31":371.66,"2011-03-31":288.91,"2015-03-31":208.78,"2013-03-31":343.05,"2006-03-31":25.9,"2012-03-31":335.49,"2017-03-31":141.87,"2010-03-31":263.89,"2009-03-31":186.13,"2007-03-31":74.78}],["Other Liabilities",{"2008-03-31":110.01,"2016-03-31":131.99,"2014-03-31":165.24,"2011-03-31":197.19,"2015-03-31":169.77,"2013-03-31":124.57,"2006-03-31":49.93,"2012-03-31":197.88,"2017-03-31":181.45,"2010-03-31":132.58,"2009-03-31":97.15,"2007-03-31":62.5}],["Total Liabilities",{"2008-03-31":293.96,"2016-03-31":514.44,"2014-03-31":605.82,"2011-03-31":554.1,"2015-03-31":539.38,"2013-03-31":505.89,"2006-03-31":92.92,"2012-03-31":592.76,"2017-03-31":682.63,"2010-03-31":454.34,"2009-03-31":334.0,"2007-03-31":169.03}],["Fixed Assets",{"2008-03-31":97.36,"2016-03-31":184.17,"2014-03-31":168.28,"2011-03-31":271.29,"2015-03-31":189.74,"2013-03-31":264.83,"2006-03-31":24.74,"2012-03-31":276.52,"2017-03-31":195.87,"2010-03-31":186.62,"2009-03-31":110.83,"2007-03-31":29.12}],["CWIP",{"2008-03-31":5.53,"2016-03-31":0.27,"2014-03-31":8.45,"2011-03-31":0.59,"2015-03-31":3.24,"2013-03-31":0.18,"2006-03-31":0.34,"2012-03-31":1.34,"2017-03-31":9.17,"2010-03-31":47.65,"2009-03-31":57.54,"2007-03-31":16.74}],["Investments",{"2008-03-31":0.74,"2016-03-31":3.33,"2014-03-31":1.88,"2011-03-31":2.4,"2015-03-31":3.33,"2013-03-31":1.91,"2006-03-31":0.05,"2012-03-31":1.91,"2017-03-31":16.62,"2010-03-31":0.68,"2009-03-31":0.71,"2007-03-31":0.1}],["Other Assets",{"2008-03-31":190.33,"2016-03-31":326.67,"2014-03-31":427.21,"2011-03-31":279.82,"2015-03-31":343.07,"2013-03-31":238.97,"2006-03-31":67.79,"2012-03-31":312.99,"2017-03-31":460.97,"2010-03-31":219.39,"2009-03-31":164.92,"2007-03-31":123.07}],["Total Assets",{"2008-03-31":293.96,"2016-03-31":514.44,"2014-03-31":605.82,"2011-03-31":554.1,"2015-03-31":539.38,"2013-03-31":505.89,"2006-03-31":92.92,"2012-03-31":592.76,"2017-03-31":682.63,"2010-03-31":454.34,"2009-03-31":334.0,"2007-03-31":169.03}]],"annual":[["Sales",{"2008-03-31":404.88,"2016-03-31":909.79,"2014-03-31":959.5,"2011-03-31":571.32,"2015-03-31":1045.31,"2013-03-31":523.83,"2006-03-31":146.81,"2012-03-31":603.35,"2017-03-31":1184.14,"2010-03-31":467.55,"2009-03-31":395.49,"2007-03-31":254.17}],["Expenses",{"2008-03-31":374.03,"2016-03-31":759.85,"2014-03-31":844.23,"2011-03-31":510.85,"2015-03-31":861.04,"2013-03-31":502.97,"2012-03-31":598.73,"2017-03-31":963.83,"2010-03-31":433.89,"2009-03-31":400.75}],["Operating Profit",{"2008-03-31":30.85,"2016-03-31":149.94,"2014-03-31":115.27,"2011-03-31":60.47,"2015-03-31":184.27,"2013-03-31":20.86,"2012-03-31":4.62,"2017-03-31":220.31,"2010-03-31":33.66,"2009-03-31":-5.26}],["OPM",{"2008-03-31":7.62,"2016-03-31":16.48,"2014-03-31":12.01,"2011-03-31":10.58,"2015-03-31":17.63,"2013-03-31":3.98,"2012-03-31":0.77,"2017-03-31":18.61,"2010-03-31":7.2,"2009-03-31":-1.33}],["Other Income",{"2008-03-31":11.15,"2016-03-31":19.91,"2014-03-31":3.71,"2011-03-31":1.1,"2015-03-31":4.72,"2013-03-31":3.89,"2006-03-31":6.32,"2012-03-31":6.53,"2017-03-31":11.62,"2010-03-31":19.06,"2009-03-31":9.62,"2007-03-31":3.97}],["Interest",{"2008-03-31":8.97,"2016-03-31":12.2,"2014-03-31":46.64,"2011-03-31":22.63,"2015-03-31":27.28,"2013-03-31":39.19,"2006-03-31":1.42,"2012-03-31":33.81,"2017-03-31":6.63,"2010-03-31":20.19,"2009-03-31":13.03,"2007-03-31":3.37}],["Depreciation",{"2008-03-31":6.32,"2016-03-31":25.78,"2014-03-31":25.25,"2011-03-31":13.8,"2015-03-31":22.25,"2013-03-31":16.43,"2006-03-31":1.62,"2012-03-31":16.0,"2017-03-31":25.85,"2010-03-31":12.13,"2009-03-31":8.33,"2007-03-31":1.84}],["Profit before tax",{"2008-03-31":26.71,"2016-03-31":131.86,"2014-03-31":47.09,"2011-03-31":25.14,"2015-03-31":139.46,"2013-03-31":-30.86,"2006-03-31":4.87,"2012-03-31":-38.66,"2017-03-31":199.44,"2010-03-31":20.4,"2009-03-31":-17.0,"2007-03-31":13.01}],["Tax",{"2008-03-31":9.26,"2016-03-31":45.26,"2014-03-31":16.43,"2011-03-31":8.38,"2015-03-31":47.44,"2013-03-31":-9.74,"2006-03-31":2.43,"2012-03-31":-10.34,"2017-03-31":70.82,"2010-03-31":6.94,"2009-03-31":-5.86,"2007-03-31":1.84}],["Net Profit",{"2008-03-31":17.45,"2016-03-31":86.6,"2014-03-31":30.65,"2011-03-31":16.76,"2015-03-31":92.02,"2013-03-31":-21.12,"2006-03-31":2.44,"2012-03-31":-28.32,"2017-03-31":128.61,"2010-03-31":13.46,"2009-03-31":-11.14,"2007-03-31":11.17}],["EPS (unadj)",{"2008-03-31":15.87,"2016-03-31":7.82,"2014-03-31":2.81,"2011-03-31":1.6,"2015-03-31":8.43,"2013-03-31":0.0,"2006-03-31":7.13,"2012-03-31":0.0,"2017-03-31":11.73,"2010-03-31":6.32,"2009-03-31":0.0,"2007-03-31":9.87}],["Dividend Payout",{"2008-03-31":14.9,"2016-03-31":7.56,"2014-03-31":0.0,"2011-03-31":32.06,"2015-03-31":0.0,"2013-03-31":-0.0,"2006-03-31":13.73,"2012-03-31":-0.0,"2017-03-31":6.79,"2010-03-31":39.92,"2009-03-31":-0.0,"2007-03-31":23.28}]],"cashflow":[["Cash from Operating Activity",{"2008-03-31":14.29,"2016-03-31":132.74,"2014-03-31":48.82,"2011-03-31":47.72,"2015-03-31":197.8,"2013-03-31":13.91,"2006-03-31":-5.6,"2012-03-31":5.99,"2017-03-31":121.25,"2010-03-31":17.43,"2009-03-31":31.95,"2007-03-31":-20.47}],["Cash from Investing Activity",{"2008-03-31":-57.08,"2016-03-31":-24.06,"2014-03-31":-21.4,"2011-03-31":-54.38,"2015-03-31":-35.43,"2013-03-31":-5.36,"2006-03-31":-0.66,"2012-03-31":-16.44,"2017-03-31":-108.92,"2010-03-31":-73.12,"2009-03-31":-74.93,"2007-03-31":-23.82}],["Cash from Financing Activity",{"2008-03-31":44.4,"2016-03-31":-109.41,"2014-03-31":-26.85,"2011-03-31":6.81,"2015-03-31":-162.14,"2013-03-31":-9.68,"2006-03-31":6.26,"2012-03-31":11.17,"2017-03-31":-8.96,"2010-03-31":57.57,"2009-03-31":43.24,"2007-03-31":44.93}],["Net Cash Flow",{"2008-03-31":1.61,"2016-03-31":-0.73,"2014-03-31":0.57,"2011-03-31":0.15,"2015-03-31":0.22,"2013-03-31":-1.13,"2006-03-31":0.0,"2012-03-31":0.72,"2017-03-31":3.36,"2010-03-31":1.88,"2009-03-31":0.26,"2007-03-31":0.64}]],"quarters":[["Sales",{"2016-06-30":275.15,"2016-12-31":275.68,"2017-03-31":290.52,"2017-06-30":271.99,"2015-06-30":246.13,"2015-03-31":234.83,"2017-09-30":262.51,"2015-12-31":203.84,"2016-03-31":205.53,"2017-12-31":304.07,"2016-09-30":341.31,"2015-09-30":254.27}],["Expenses",{"2016-06-30":219.13,"2016-12-31":222.84,"2017-03-31":236.34,"2017-06-30":221.04,"2015-06-30":206.09,"2015-03-31":205.25,"2017-09-30":216.14,"2015-12-31":163.71,"2016-03-31":175.07,"2017-12-31":251.52,"2016-09-30":283.83,"2015-09-30":214.96}],["Operating Profit",{"2016-06-30":56.02,"2016-12-31":52.84,"2017-03-31":54.18,"2017-06-30":50.95,"2015-06-30":40.04,"2015-03-31":29.58,"2017-09-30":46.37,"2015-12-31":40.13,"2016-03-31":30.46,"2017-12-31":52.55,"2016-09-30":57.48,"2015-09-30":39.31}],["OPM",{"2016-06-30":20.36,"2016-12-31":19.17,"2017-03-31":18.65,"2017-06-30":18.73,"2015-06-30":16.27,"2015-03-31":12.6,"2017-09-30":17.66,"2015-12-31":19.69,"2016-03-31":14.82,"2017-12-31":17.28,"2016-09-30":16.84,"2015-09-30":15.46}],["Other Income",{"2016-06-30":2.2,"2016-12-31":6.61,"2017-03-31":5.04,"2017-06-30":4.79,"2015-06-30":0.67,"2015-03-31":0.32,"2017-09-30":1.79,"2015-12-31":0.82,"2016-03-31":13.85,"2017-12-31":2.26,"2016-09-30":4.02,"2015-09-30":4.57}],["Depreciation",{"2016-06-30":6.02,"2016-12-31":6.59,"2017-03-31":6.86,"2017-06-30":6.14,"2015-06-30":6.12,"2015-03-31":4.66,"2017-09-30":6.36,"2015-12-31":6.51,"2016-03-31":7.06,"2017-12-31":6.5,"2016-09-30":6.38,"2015-09-30":6.09}],["Interest",{"2016-06-30":1.9,"2016-12-31":1.56,"2017-03-31":1.29,"2017-06-30":1.71,"2015-06-30":4.06,"2015-03-31":6.03,"2017-09-30":0.92,"2015-12-31":2.89,"2016-03-31":2.4,"2017-12-31":1.22,"2016-09-30":1.89,"2015-09-30":2.85}],["Profit before tax",{"2016-06-30":50.3,"2016-12-31":51.31,"2017-03-31":51.08,"2017-06-30":47.89,"2015-06-30":30.52,"2015-03-31":19.21,"2017-09-30":40.88,"2015-12-31":31.55,"2016-03-31":34.86,"2017-12-31":47.09,"2016-09-30":53.23,"2015-09-30":34.93}],["Tax",{"2016-06-30":17.14,"2016-12-31":17.74,"2017-03-31":18.94,"2017-06-30":16.74,"2015-06-30":10.36,"2015-03-31":10.04,"2017-09-30":14.7,"2015-12-31":11.08,"2016-03-31":12.28,"2017-12-31":16.56,"2016-09-30":17.36,"2015-09-30":11.54}],["Net Profit",{"2016-06-30":33.17,"2016-12-31":33.57,"2017-03-31":32.15,"2017-06-30":31.15,"2015-06-30":20.16,"2015-03-31":9.18,"2017-09-30":26.18,"2015-12-31":20.46,"2016-03-31":22.59,"2017-12-31":30.54,"2016-09-30":35.87,"2015-09-30":23.39}]]},"bse_code":"524370","short_name":"Bodal Chemicals","nse_code":"BODALCHEM","companyrating_set":[{"rating__rating":"CARE BBB-","instrument":"Bank FacilitiesFund Based","rating__source":"care","link":"http://google.com/search?btnI\u003d1\u0026q\u003dBodal Chemicals Ltd+site:careratings.com"},{"rating__rating":"CARE BBB-","instrument":"Bank FacilitiesFund Based - LT","rating__source":"care","link":"http://google.com/search?btnI\u003d1\u0026q\u003dBodal Chemicals Ltd+site:careratings.com"},{"rating__rating":"CARE A3","instrument":"Bank FacilitiesFund Based - ST","rating__source":"care","link":"http://google.com/search?btnI\u003d1\u0026q\u003dBodal Chemicals Ltd+site:careratings.com"},{"rating__rating":"CARE A3","instrument":"Bank FacilitiesNon-Fund Based - ST","rating__source":"care","link":"http://google.com/search?btnI\u003d1\u0026q\u003dBodal Chemicals Ltd+site:careratings.com"}],"annualreport_set":[{"source":"bse","report_date":2017,"link":"http://www.bseindia.com/bseplus/AnnualReport/524370/5243700317.pdf"},{"source":"bse","report_date":2016,"link":"http://www.bseindia.com/bseplus/AnnualReport/524370/5243700316.pdf"},{"source":"bse","report_date":2015,"link":"http://www.bseindia.com/bseplus/AnnualReport/524370/5243700315.pdf"},{"source":"bse","report_date":2014,"link":"http://www.bseindia.com/bseplus/AnnualReport/524370/5243700314.pdf"},{"source":"bse","report_date":2013,"link":"http://www.bseindia.com/bseplus/annualreport/524370/5243700313.pdf"},{"source":"nse","report_date":2012,"link":"http://nseindia.com/annual_reports/AR_BODALCHEM_2011_2012_14092012110122.zip"},{"source":"bse","report_date":2011,"link":"http://www.bseindia.com/bseplus/annualreport/524370/5243700311.pdf"},{"source":"nse","report_date":2011,"link":"http://nseindia.com/annual_reports/AR_BODALCHEM_2010_2011_07092011070712.zip"},{"source":"bse","report_date":2010,"link":"http://www.bseindia.com/bseplus/annualreport/524370/5243700310.pdf"}],"announcement_set":[{"ann_date":"04 May 2018","announcement":"Intimation Of Acquisition Of Land","link":"https://www.bseindia.com/corporates/anndet_new.aspx?newsid\u003dc0a29f00-d0c0-43f9-866b-551e4d72d2eb"},{"ann_date":"24 Apr 2018","announcement":"Audited Results For The Last Quarter And Financial Year Ended On 31-03-2018.  Regulation 33 Of The SEBI (Listing Obligation And Disclosure Requirements) Regulation, 2015.","link":"https://www.bseindia.com/corporates/anndet_new.aspx?newsid\u003d396ce55e-8419-438d-955e-dc8d04b90b0a"},{"ann_date":"13 Apr 2018","announcement":"Compliance Certificate Under Regulations 40(9) Of SEBI [Listing Obligations And Disclosure Requirements) Regulations, 2015.","link":"https://www.bseindia.com/corporates/anndet_new.aspx?newsid\u003d35305fbc-bb79-43ab-b513-45ccba2195c8"},{"ann_date":"10 Apr 2018","announcement":"Announcement under Regulation 30 (LODR)-Analyst / Investor Meet - Intimation","link":"https://www.bseindia.com/corporates/anndet_new.aspx?newsid\u003d6367d959-a108-47a3-b2cf-08e988bab7db"},{"ann_date":"09 Apr 2018","announcement":"Announcement under Regulation 30 (LODR)-Analyst / Investor Meet - Intimation","link":"https://www.bseindia.com/corporates/anndet_new.aspx?newsid\u003d130d1c09-b422-4acc-a730-7bbce37ac284"}],"warehouse_set":{"high_price":193.75,"low_price":109.85,"sales_growth":2.86,"current_price":111.85,"dividend_yield":0.64,"face_value":2.0,"id":3102,"sales_growth_3years":7.26,"average_return_on_equity_3years":49.55,"book_value":36.6,"status":"Active","pair_url":"/company/BODALCHEM/consolidated","sales_growth_10years":12.66,"average_return_on_equity_10years":45.01,"profit_growth":-4.14,"market_capitalization":1366.68,"profit_growth_10years":24.46,"price_to_earning":11.44,"industry":"Specialty Chemicals","analysis":{"remarks":["Return on equity is exceptional"],"bad":["Promoter\u0027s stake has decreased","Company might be capitalizing the interest cost"],"good":["Company has a good return on equity (ROE) track record: 3 Years ROE 49.55%"," "]},"result_type":"sa","profit_growth_3years":16.32,"sales_growth_5years":14.44,"return_on_equity":41.86,"average_return_on_equity_5years":53.33},"id":524,"name":"Bodal Chemicals Ltd","screenerStockPrice":{"prices":[0.38,0.67,0.58,0.69,0.61,0.68,1.32,1.06,1.33,1.71,3.44,2.28,2.5,2.31,2.08,2.01,2.04,2.64,2.31,2.33,3.05,2.24,2.64,2.42,3.07,4.33,5.53,6.3,5.77,5.49,5.97,6.1,5.29,5.18,5.19,5.58,5.86,5.8,8.66,8.56,9.07,13.69,11.8,15.62,13.79,15.6,12.13,12.36,13.53,10.47,9.58,12.99,11.14,9.6,11.78,11.02,11.7,9.15,6.39,4.45,5.48,4.67,3.87,3.41,3.24,4.6,5.45,5.78,6.17,6.36,7.94,8.58,8.21,7.8,8.26,7.77,11.24,9.47,9.55,13.65,22.4,31.5,34.72,33.8,39.4,40.45,35.75,34.9,31.3,36.65,39.5,28.65,29.6,27.7,33.4,28.25,28.1,25.1,24.25,29.6,31.3,27.7,20.8,17.9,21.05,14.65,12.66,13.5,14.48,11.98,11.88,10.6,10.66,7.8,10.88,12.3,10.78,9.6,8.88,11.8,10.12,9.81,8.3,8.53,6.85,6.71,5.9,5.8,6.45,6.02,5.18,7.24,9.87,9.93,9.05,10.68,9.79,14.28,17.15,14.1,16.0,16.85,30.6,28.4,40.1,44.25,52.9,69.1,58.15,40.1,34.4,31.4,30.55,34.35,42.15,39.7,34.9,37.8,32.6,29.65,26.85,31.0,37.05,30.0,30.9,43.1,39.45,44.95,55.45,49.15,55.25,63.2,71.65,89.95,88.35,108.15,106.65,110.45,111.6,133.35,143.15,138.3,121.5,125.15,134.05,133.05,132.1,141.2,153.75,153.4,167.05,158.05,183.85,169.75,181.3,164.05,172.1,173.3,165.65,166.55,164.45,148.05,125.95,139.85,117.05],"dates":["08 Jan 2004","20 Jan 2005","17 Feb 2005","11 Mar 2005","25 Apr 2005","26 May 2005","16 Jun 2005","08 Jul 2005","02 Aug 2005","25 Aug 2005","19 Sep 2005","11 Oct 2005","08 Nov 2005","30 Nov 2005","22 Dec 2005","16 Jan 2006","08 Feb 2006","03 Mar 2006","28 Mar 2006","24 Apr 2006","16 May 2006","08 Jun 2006","03 Jul 2006","01 Aug 2006","24 Aug 2006","15 Sep 2006","10 Oct 2006","02 Nov 2006","24 Nov 2006","18 Dec 2006","11 Jan 2007","06 Feb 2007","01 Mar 2007","23 Mar 2007","18 Apr 2007","14 May 2007","05 Jun 2007","27 Jun 2007","19 Jul 2007","10 Aug 2007","04 Sep 2007","26 Sep 2007","19 Oct 2007","12 Nov 2007","04 Dec 2007","28 Dec 2007","21 Jan 2008","12 Feb 2008","05 Mar 2008","01 Apr 2008","25 Apr 2008","21 May 2008","12 Jun 2008","04 Jul 2008","28 Jul 2008","20 Aug 2008","12 Sep 2008","07 Oct 2008","31 Oct 2008","25 Nov 2008","19 Dec 2008","14 Jan 2009","06 Feb 2009","04 Mar 2009","30 Mar 2009","27 Apr 2009","22 May 2009","15 Jun 2009","07 Jul 2009","29 Jul 2009","20 Aug 2009","11 Sep 2009","08 Oct 2009","03 Nov 2009","25 Nov 2009","17 Dec 2009","13 Jan 2010","05 Feb 2010","02 Mar 2010","25 Mar 2010","20 Apr 2010","12 May 2010","03 Jun 2010","25 Jun 2010","19 Jul 2010","10 Aug 2010","01 Sep 2010","24 Sep 2010","18 Oct 2010","09 Nov 2010","02 Dec 2010","27 Dec 2010","18 Jan 2011","10 Feb 2011","07 Mar 2011","29 Mar 2011","25 Apr 2011","17 May 2011","08 Jun 2011","30 Jun 2011","22 Jul 2011","16 Aug 2011","09 Sep 2011","03 Oct 2011","26 Oct 2011","22 Nov 2011","15 Dec 2011","06 Jan 2012","30 Jan 2012","22 Feb 2012","15 Mar 2012","10 Apr 2012","02 May 2012","24 May 2012","18 Jun 2012","10 Jul 2012","01 Aug 2012","27 Aug 2012","18 Sep 2012","15 Oct 2012","07 Nov 2012","04 Dec 2012","27 Dec 2012","18 Jan 2013","11 Feb 2013","05 Mar 2013","28 Mar 2013","23 Apr 2013","17 May 2013","11 Jun 2013","04 Jul 2013","01 Aug 2013","27 Aug 2013","19 Sep 2013","14 Oct 2013","06 Nov 2013","29 Nov 2013","23 Dec 2013","15 Jan 2014","06 Feb 2014","03 Mar 2014","25 Mar 2014","21 Apr 2014","15 May 2014","06 Jun 2014","30 Jun 2014","22 Jul 2014","14 Aug 2014","09 Sep 2014","01 Oct 2014","30 Oct 2014","25 Nov 2014","17 Dec 2014","09 Jan 2015","03 Feb 2015","26 Feb 2015","20 Mar 2015","16 Apr 2015","11 May 2015","02 Jun 2015","24 Jun 2015","16 Jul 2015","07 Aug 2015","31 Aug 2015","23 Sep 2015","19 Oct 2015","11 Nov 2015","07 Dec 2015","30 Dec 2015","21 Jan 2016","15 Feb 2016","09 Mar 2016","04 Apr 2016","29 Apr 2016","23 May 2016","14 Jun 2016","07 Jul 2016","29 Jul 2016","23 Aug 2016","16 Sep 2016","10 Oct 2016","03 Nov 2016","28 Nov 2016","20 Dec 2016","11 Jan 2017","03 Feb 2017","28 Feb 2017","23 Mar 2017","18 Apr 2017","11 May 2017","02 Jun 2017","27 Jun 2017","19 Jul 2017","10 Aug 2017","05 Sep 2017","27 Sep 2017","23 Oct 2017","14 Nov 2017","06 Dec 2017","29 Dec 2017","22 Jan 2018","15 Feb 2018","12 Mar 2018","05 Apr 2018","27 Apr 2018"],"id":"524"},"stockPricesEventDays":{"exRightsStocks":{"20071206":15.73,"20071207":15.73,"20070910":15.73,"20071208":15.73,"20070911":15.73,"20071209":15.73,"20070912":15.73,"20071202":15.73,"20071203":15.73,"20071204":15.73,"20071205":15.73,"20071201":15.73,"20070917":15.73,"20070918":15.73,"20070919":15.73,"20070913":15.73,"20070914":15.73,"20070915":15.73,"20070916":15.73,"20070901":15.73,"20070906":15.73,"20070907":15.73,"20070908":15.73,"20070909":15.73,"20070902":15.73,"20070903":15.73,"20070904":15.73,"20070905":15.73,"20071228":15.73,"20071107":15.73,"20070810":15.73,"20071229":15.73,"20071108":15.73,"20070811":15.73,"20071109":15.73,"20070812":15.73,"20070813":15.73,"20071224":15.73,"20071103":15.73,"20071225":15.73,"20071104":15.73,"20071226":15.73,"20071105":15.73,"20071227":15.73,"20071106":15.73,"20070930":15.73,"20071220":15.73,"20071221":15.73,"20071222":15.73,"20071101":15.73,"20071223":15.73,"20071102":15.73,"20070818":15.73,"20070819":15.73,"20070814":15.73,"20070815":15.73,"20070816":15.73,"20070817":15.73,"20071217":15.73,"20070920":15.73,"20071218":15.73,"20070921":15.73,"20071219":15.73,"20070922":15.73,"20070801":15.73,"20070923":15.73,"20070802":15.73,"20071213":15.73,"20071214":15.73,"20071215":15.73,"20071216":15.73,"20071210":15.73,"20071211":15.73,"20071212":15.73,"20070928":15.73,"20070807":15.73,"20070929":15.73,"20070808":15.73,"20070809":15.73,"20070924":15.73,"20070803":15.73,"20070925":15.73,"20070804":15.73,"20070926":15.73,"20070805":15.73,"20070927":15.73,"20070806":15.73,"20071129":15.73,"20071008":15.73,"20070711":15.73,"20071009":15.73,"20070712":15.73,"20070713":15.73,"20070714":15.73,"20071125":15.73,"20071004":15.73,"20071126":15.73,"20071005":15.73,"20071127":15.73,"20071006":15.73,"20070830":15.73,"20071128":15.73,"20071007":15.73,"20070831":15.73,"20070710":15.73,"20071121":15.73,"20071122":15.73,"20071001":15.73,"20071123":15.73,"20071002":15.73,"20071124":15.73,"20071003":15.73,"20071120":15.73,"20070719":15.73,"20070715":15.73,"20070716":15.73,"20070717":15.73,"20070718":15.73,"20071118":15.73,"20070821":15.73,"20071119":15.73,"20070822":15.73,"20070701":15.73,"20070823":15.73,"20070702":15.73,"20070824":15.73,"20070703":15.73,"20071114":15.73,"20071115":15.73,"20071116":15.73,"20071117":15.73,"20070820":15.73,"20071231":15.73,"20071110":15.73,"20071111":15.73,"20071112":15.73,"20071113":15.73,"20071230":15.73,"20070829":15.73,"20070708":15.73,"20070709":15.73,"20070825":15.73,"20070704":15.73,"20070826":15.73,"20070705":15.73,"20070827":15.73,"20070706":15.73,"20070828":15.73,"20070707":15.73,"20071026":15.73,"20071027":15.73,"20070730":15.73,"20071028":15.73,"20070731":15.73,"20071029":15.73,"20071022":15.73,"20080419":15.73,"20071023":15.73,"20071024":15.73,"20080417":15.73,"20071025":15.73,"20080418":15.73,"20071020":15.73,"20071021":15.73,"20080411":15.73,"20080412":15.73,"20080410":15.73,"20080415":15.73,"20080416":15.73,"20080413":15.73,"20080414":15.73,"20071019":15.73,"20070722":15.73,"20070723":15.73,"20070724":15.73,"20070725":15.73,"20071015":15.73,"20071016":15.73,"20071017":15.73,"20070720":15.73,"20071018":15.73,"20070721":15.73,"20071011":15.73,"20080408":15.73,"20071012":15.73,"20080409":15.73,"20071013":15.73,"20080406":15.73,"20071014":15.73,"20080407":15.73,"20071130":15.73,"20071010":15.73,"20080401":15.73,"20080404":15.73,"20080405":15.73,"20080402":15.73,"20080403":15.73,"20070726":15.73,"20070727":15.73,"20070728":15.73,"20070729":15.73,"20070630":15.73,"20080318":15.73,"20080319":15.73,"20080312":15.73,"20080313":15.73,"20080310":15.73,"20080311":15.73,"20080316":15.73,"20080317":15.73,"20080314":15.73,"20080315":15.73,"20080309":15.73,"20080307":15.73,"20080308":15.73,"20071030":15.73,"20071031":15.73,"20080301":15.73,"20080422":15.73,"20080302":15.73,"20080420":15.73,"20080421":15.73,"20080305":15.73,"20080306":15.73,"20080303":15.73,"20080304":15.73,"20070629":15.73,"20080219":15.73,"20080213":15.73,"20080214":15.73,"20080211":15.73,"20080212":15.73,"20080217":15.73,"20080218":15.73,"20080215":15.73,"20080216":15.73,"20080330":15.73,"20080210":15.73,"20080331":15.73,"20080208":15.73,"20080329":15.73,"20080209":15.73,"20080202":15.73,"20080323":15.73,"20080203":15.73,"20080324":15.73,"20080321":15.73,"20080201":15.73,"20080322":15.73,"20080206":15.73,"20080327":15.73,"20080207":15.73,"20080328":15.73,"20080204":15.73,"20080325":15.73,"20080205":15.73,"20080326":15.73,"20080320":15.73,"20080114":15.73,"20080115":15.73,"20080112":15.73,"20080113":15.73,"20080118":15.73,"20080119":15.73,"20080116":15.73,"20080117":15.73,"20080110":15.73,"20080111":15.73,"20080109":15.73,"20080224":15.73,"20080103":15.73,"20080225":15.73,"20080104":15.73,"20080222":15.73,"20080101":15.73,"20080223":15.73,"20080102":15.73,"20080228":15.73,"20080107":15.73,"20080229":15.73,"20080108":15.73,"20080226":15.73,"20080105":15.73,"20080227":15.73,"20080106":15.73,"20080220":15.73,"20080221":15.73,"20080130":15.73,"20080131":15.73,"20080125":15.73,"20080126":15.73,"20080123":15.73,"20080124":15.73,"20080129":15.73,"20080127":15.73,"20080128":15.73,"20080121":15.73,"20080122":15.73,"20080120":15.73},"anncStocks":{"20070117":15.73,"20070118":15.73,"20070119":15.73,"20070113":15.73,"20070114":15.73,"20070115":15.73,"20070116":15.73,"20070110":15.73,"20070111":15.73,"20070112":15.73,"20070227":15.73,"20070106":15.73,"20070228":15.73,"20070107":15.73,"20070108":15.73,"20070109":15.73,"20070223":15.73,"20070102":15.73,"20070224":15.73,"20070103":15.73,"20070225":15.73,"20070104":15.73,"20070226":15.73,"20070105":15.73,"20070220":15.73,"20070221":15.73,"20070222":15.73,"20070101":15.73,"20070131":15.73,"20070130":15.73,"20070128":15.73,"20070129":15.73,"20070124":15.73,"20070125":15.73,"20070126":15.73,"20070127":15.73,"20070120":15.73,"20070121":15.73,"20070122":15.73,"20070123":15.73,"20060909":15.73,"20060907":15.73,"20060908":15.73,"20060905":15.73,"20060906":15.73,"20060903":15.73,"20060904":15.73,"20060901":15.73,"20060902":15.73,"20060918":15.73,"20060919":15.73,"20060916":15.73,"20060917":15.73,"20060914":15.73,"20060915":15.73,"20061209":15.73,"20060912":15.73,"20060913":15.73,"20061207":15.73,"20060910":15.73,"20061208":15.73,"20060911":15.73,"20061205":15.73,"20061206":15.73,"20061203":15.73,"20061204":15.73,"20061201":15.73,"20061202":15.73,"20060929":15.73,"20060808":15.73,"20060809":15.73,"20060927":15.73,"20060806":15.73,"20060928":15.73,"20060807":15.73,"20060925":15.73,"20060804":15.73,"20060926":15.73,"20060805":15.73,"20060923":15.73,"20060802":15.73,"20060924":15.73,"20060803":15.73,"20061218":15.73,"20060921":15.73,"20061219":15.73,"20060922":15.73,"20060801":15.73,"20061216":15.73,"20061217":15.73,"20060920":15.73,"20061214":15.73,"20061215":15.73,"20061212":15.73,"20061213":15.73,"20061210":15.73,"20061211":15.73,"20060819":15.73,"20060817":15.73,"20060818":15.73,"20060815":15.73,"20060816":15.73,"20060813":15.73,"20060814":15.73,"20061229":15.73,"20061108":15.73,"20060811":15.73,"20061109":15.73,"20060812":15.73,"20061227":15.73,"20061106":15.73,"20060930":15.73,"20061228":15.73,"20061107":15.73,"20060810":15.73,"20061225":15.73,"20061104":15.73,"20061226":15.73,"20061105":15.73,"20061223":15.73,"20061102":15.73,"20061224":15.73,"20061103":15.73,"20061221":15.73,"20061222":15.73,"20061101":15.73,"20061220":15.73,"20060828":15.73,"20060829":15.73,"20060826":15.73,"20060827":15.73,"20060824":15.73,"20060825":15.73,"20061119":15.73,"20060822":15.73,"20060823":15.73,"20061117":15.73,"20060820":15.73,"20061118":15.73,"20060821":15.73,"20061115":15.73,"20061116":15.73,"20061113":15.73,"20061114":15.73,"20061111":15.73,"20061112":15.73,"20061230":15.73,"20061231":15.73,"20061110":15.73,"20070502":15.73,"20070503":15.73,"20070504":15.73,"20070501":15.73,"20060718":15.73,"20060719":15.73,"20060716":15.73,"20060717":15.73,"20060714":15.73,"20060715":15.73,"20061009":15.73,"20060712":15.73,"20060713":15.73,"20061128":15.73,"20061007":15.73,"20060831":15.73,"20060710":15.73,"20061129":15.73,"20061008":15.73,"20060711":15.73,"20061126":15.73,"20061005":15.73,"20061127":15.73,"20061006":15.73,"20060830":15.73,"20061124":15.73,"20061003":15.73,"20061125":15.73,"20061004":15.73,"20061122":15.73,"20061001":15.73,"20061123":15.73,"20061002":15.73,"20061120":15.73,"20061121":15.73,"20070414":15.73,"20070415":15.73,"20070416":15.73,"20070417":15.73,"20070410":15.73,"20070411":15.73,"20070412":15.73,"20070413":15.73,"20060729":15.73,"20060727":15.73,"20060728":15.73,"20060725":15.73,"20060726":15.73,"20060723":15.73,"20060724":15.73,"20061018":15.73,"20060721":15.73,"20061019":15.73,"20060722":15.73,"20061016":15.73,"20061017":15.73,"20060720":15.73,"20061014":15.73,"20061015":15.73,"20061012":15.73,"20061013":15.73,"20061010":15.73,"20070418":15.73,"20061011":15.73,"20070419":15.73,"20061130":15.73,"20070403":15.73,"20070404":15.73,"20070405":15.73,"20070406":15.73,"20070401":15.73,"20070402":15.73,"20061029":15.73,"20061027":15.73,"20060730":15.73,"20061028":15.73,"20060731":15.73,"20061025":15.73,"20061026":15.73,"20061023":15.73,"20061024":15.73,"20061021":15.73,"20070407":15.73,"20061022":15.73,"20070408":15.73,"20070409":15.73,"20061020":15.73,"20070315":15.73,"20070316":15.73,"20070317":15.73,"20070318":15.73,"20070311":15.73,"20070312":15.73,"20070313":15.73,"20070314":15.73,"20070430":15.73,"20070310":15.73,"20070319":15.73,"20061030":15.73,"20061031":15.73,"20070304":15.73,"20070425":15.73,"20070305":15.73,"20070426":15.73,"20070306":15.73,"20070427":15.73,"20070307":15.73,"20070428":15.73,"20070421":15.73,"20070301":15.73,"20070422":15.73,"20070302":15.73,"20070423":15.73,"20070303":15.73,"20070424":15.73,"20070420":15.73,"20070308":15.73,"20070429":15.73,"20070309":15.73,"20070216":15.73,"20070217":15.73,"20070218":15.73,"20070219":15.73,"20070212":15.73,"20070213":15.73,"20070214":15.73,"20070215":15.73,"20070330":15.73,"20070210":15.73,"20070331":15.73,"20070211":15.73,"20070205":15.73,"20070326":15.73,"20070206":15.73,"20070327":15.73,"20070207":15.73,"20070328":15.73,"20070208":15.73,"20070329":15.73,"20070201":15.73,"20070322":15.73,"20070202":15.73,"20070323":15.73,"20070203":15.73,"20070324":15.73,"20070204":15.73,"20070325":15.73,"20070320":15.73,"20070321":15.73,"20070209":15.73},"recordStocks":{"20071206":15.73,"20071207":15.73,"20070910":15.73,"20071208":15.73,"20070911":15.73,"20071209":15.73,"20070912":15.73,"20071202":15.73,"20071203":15.73,"20071204":15.73,"20071205":15.73,"20071201":15.73,"20070917":15.73,"20070918":15.73,"20070919":15.73,"20070913":15.73,"20070914":15.73,"20070915":15.73,"20070916":15.73,"20070901":15.73,"20070906":15.73,"20070907":15.73,"20070908":15.73,"20070909":15.73,"20070902":15.73,"20070903":15.73,"20070904":15.73,"20070905":15.73,"20071228":15.73,"20071107":15.73,"20070810":15.73,"20071229":15.73,"20071108":15.73,"20070811":15.73,"20071109":15.73,"20070812":15.73,"20070813":15.73,"20071224":15.73,"20071103":15.73,"20071225":15.73,"20071104":15.73,"20071226":15.73,"20071105":15.73,"20071227":15.73,"20071106":15.73,"20070930":15.73,"20071220":15.73,"20071221":15.73,"20071222":15.73,"20071101":15.73,"20071223":15.73,"20071102":15.73,"20070818":15.73,"20070819":15.73,"20070814":15.73,"20070815":15.73,"20070816":15.73,"20070817":15.73,"20071217":15.73,"20070920":15.73,"20071218":15.73,"20070921":15.73,"20071219":15.73,"20070922":15.73,"20070801":15.73,"20070923":15.73,"20070802":15.73,"20071213":15.73,"20071214":15.73,"20071215":15.73,"20071216":15.73,"20071210":15.73,"20071211":15.73,"20071212":15.73,"20070928":15.73,"20070807":15.73,"20070929":15.73,"20070808":15.73,"20070809":15.73,"20070924":15.73,"20070803":15.73,"20070925":15.73,"20070804":15.73,"20070926":15.73,"20070805":15.73,"20070927":15.73,"20070806":15.73,"20071129":15.73,"20071008":15.73,"20070711":15.73,"20071009":15.73,"20070712":15.73,"20070713":15.73,"20070714":15.73,"20071125":15.73,"20071004":15.73,"20071126":15.73,"20071005":15.73,"20071127":15.73,"20071006":15.73,"20070830":15.73,"20071128":15.73,"20071007":15.73,"20070831":15.73,"20070710":15.73,"20071121":15.73,"20071122":15.73,"20071001":15.73,"20071123":15.73,"20071002":15.73,"20071124":15.73,"20071003":15.73,"20071120":15.73,"20070719":15.73,"20070715":15.73,"20070716":15.73,"20070717":15.73,"20070718":15.73,"20071118":15.73,"20070821":15.73,"20071119":15.73,"20070822":15.73,"20070823":15.73,"20070824":15.73,"20071114":15.73,"20071115":15.73,"20071116":15.73,"20071117":15.73,"20070820":15.73,"20071231":15.73,"20071110":15.73,"20071111":15.73,"20071112":15.73,"20071113":15.73,"20071230":15.73,"20070829":15.73,"20070708":15.73,"20070709":15.73,"20070825":15.73,"20070826":15.73,"20070827":15.73,"20070828":15.73,"20070707":15.73,"20071026":15.73,"20071027":15.73,"20070730":15.73,"20071028":15.73,"20070731":15.73,"20071029":15.73,"20071022":15.73,"20080419":15.73,"20071023":15.73,"20071024":15.73,"20080417":15.73,"20071025":15.73,"20080418":15.73,"20071020":15.73,"20071021":15.73,"20080411":15.73,"20080412":15.73,"20080410":15.73,"20080415":15.73,"20080416":15.73,"20080413":15.73,"20080414":15.73,"20071019":15.73,"20070722":15.73,"20070723":15.73,"20070724":15.73,"20070725":15.73,"20071015":15.73,"20071016":15.73,"20071017":15.73,"20070720":15.73,"20071018":15.73,"20070721":15.73,"20071011":15.73,"20080408":15.73,"20071012":15.73,"20080409":15.73,"20071013":15.73,"20080406":15.73,"20071014":15.73,"20080407":15.73,"20071130":15.73,"20071010":15.73,"20080401":15.73,"20080404":15.73,"20080405":15.73,"20080402":15.73,"20080403":15.73,"20070726":15.73,"20070727":15.73,"20070728":15.73,"20070729":15.73,"20080318":15.73,"20080319":15.73,"20080312":15.73,"20080313":15.73,"20080310":15.73,"20080311":15.73,"20080316":15.73,"20080317":15.73,"20080314":15.73,"20080315":15.73,"20080430":15.73,"20080309":15.73,"20080307":15.73,"20080428":15.73,"20080308":15.73,"20080429":15.73,"20071030":15.73,"20071031":15.73,"20080301":15.73,"20080422":15.73,"20080302":15.73,"20080423":15.73,"20080420":15.73,"20080421":15.73,"20080305":15.73,"20080426":15.73,"20080306":15.73,"20080427":15.73,"20080303":15.73,"20080424":15.73,"20080304":15.73,"20080425":15.73,"20080219":15.73,"20080213":15.73,"20080214":15.73,"20080211":15.73,"20080212":15.73,"20080217":15.73,"20080218":15.73,"20080215":15.73,"20080216":15.73,"20080330":15.73,"20080210":15.73,"20080331":15.73,"20080208":15.73,"20080329":15.73,"20080209":15.73,"20080202":15.73,"20080323":15.73,"20080203":15.73,"20080324":15.73,"20080321":15.73,"20080201":15.73,"20080322":15.73,"20080206":15.73,"20080327":15.73,"20080207":15.73,"20080328":15.73,"20080204":15.73,"20080325":15.73,"20080205":15.73,"20080326":15.73,"20080320":15.73,"20080114":15.73,"20080115":15.73,"20080112":15.73,"20080113":15.73,"20080118":15.73,"20080119":15.73,"20080116":15.73,"20080117":15.73,"20080110":15.73,"20080111":15.73,"20080109":15.73,"20080224":15.73,"20080103":15.73,"20080225":15.73,"20080104":15.73,"20080222":15.73,"20080101":15.73,"20080223":15.73,"20080102":15.73,"20080228":15.73,"20080107":15.73,"20080229":15.73,"20080108":15.73,"20080226":15.73,"20080105":15.73,"20080227":15.73,"20080106":15.73,"20080220":15.73,"20080221":15.73,"20080130":15.73,"20080131":15.73,"20080125":15.73,"20080126":15.73,"20080123":15.73,"20080124":15.73,"20080129":15.73,"20080127":15.73,"20080128":15.73,"20080121":15.73,"20080122":15.73,"20080120":15.73}},"excelBean":{"Company":"Bodal Chemicals","Rights_Ratio":"1:02","FV":10,"Premium":10,"Announced":"16-03-07","Record":"12/3/2008","Ex_Rights":"4/3/2008","Hyperlink":"http://www.moneycontrol.com/stocks/company_info/pricechart.php?sc_did\u003dBC15"}}