{"prime":"sa","number_set":{"balancesheet":[["Share Capital",{"2008-03-31":0.47,"2016-03-31":23.29,"2014-03-31":15.53,"2011-03-31":0.47,"2015-03-31":23.29,"2013-03-31":15.53,"2012-03-31":0.53,"2010-03-31":0.47,"2009-03-31":0.47}],["Reserves",{"2008-03-31":0.36,"2016-03-31":7.6,"2014-03-31":7.34,"2011-03-31":0.3,"2015-03-31":7.48,"2013-03-31":7.29,"2012-03-31":5.03,"2010-03-31":0.34,"2009-03-31":0.36}],["Borrowings",{"2008-03-31":0.0,"2016-03-31":0.0,"2014-03-31":0.0,"2011-03-31":0.0,"2015-03-31":0.0,"2013-03-31":0.0,"2012-03-31":0.0,"2010-03-31":0.0,"2009-03-31":0.0}],["Other Liabilities",{"2008-03-31":0.81,"2016-03-31":2.39,"2014-03-31":5.46,"2011-03-31":1.01,"2015-03-31":1.97,"2013-03-31":1.0,"2012-03-31":0.11,"2010-03-31":0.93,"2009-03-31":0.88}],["Total Liabilities",{"2008-03-31":1.64,"2016-03-31":33.28,"2014-03-31":28.33,"2011-03-31":1.78,"2015-03-31":32.74,"2013-03-31":23.82,"2012-03-31":5.67,"2010-03-31":1.74,"2009-03-31":1.71}],["Fixed Assets",{"2008-03-31":0.12,"2016-03-31":5.92,"2014-03-31":6.81,"2011-03-31":0.05,"2015-03-31":6.34,"2013-03-31":7.0,"2012-03-31":3.7,"2010-03-31":0.06,"2009-03-31":0.11}],["CWIP",{"2008-03-31":0.0,"2016-03-31":0.0,"2014-03-31":0.0,"2011-03-31":0.0,"2015-03-31":0.0,"2013-03-31":0.0,"2012-03-31":0.0,"2010-03-31":0.0,"2009-03-31":0.0}],["Investments",{"2008-03-31":0.26,"2016-03-31":0.5,"2014-03-31":2.99,"2011-03-31":0.3,"2015-03-31":0.5,"2013-03-31":2.69,"2012-03-31":0.3,"2010-03-31":0.3,"2009-03-31":0.26}],["Other Assets",{"2008-03-31":1.26,"2016-03-31":26.86,"2014-03-31":18.53,"2011-03-31":1.43,"2015-03-31":25.9,"2013-03-31":14.13,"2012-03-31":1.67,"2010-03-31":1.38,"2009-03-31":1.34}],["Total Assets",{"2008-03-31":1.64,"2016-03-31":33.28,"2014-03-31":28.33,"2011-03-31":1.78,"2015-03-31":32.74,"2013-03-31":23.82,"2012-03-31":5.67,"2010-03-31":1.74,"2009-03-31":1.71}]],"annual":[["Sales",{"2008-03-31":0.04,"2016-03-31":3.16,"2014-03-31":2.61,"2011-03-31":0.02,"2015-03-31":3.93,"2013-03-31":2.6,"2012-03-31":0.25,"2010-03-31":0.07,"2009-03-31":0.06}],["Expenses",{"2008-03-31":0.03,"2016-03-31":2.86,"2014-03-31":2.28,"2011-03-31":0.04,"2015-03-31":3.55,"2013-03-31":2.78,"2012-03-31":0.05,"2010-03-31":0.06,"2009-03-31":0.05}],["Operating Profit",{"2008-03-31":0.01,"2016-03-31":0.3,"2014-03-31":0.33,"2011-03-31":-0.02,"2015-03-31":0.38,"2013-03-31":-0.18,"2012-03-31":0.2,"2010-03-31":0.01,"2009-03-31":0.01}],["OPM",{"2008-03-31":25.0,"2016-03-31":9.49,"2014-03-31":12.64,"2011-03-31":-100.0,"2015-03-31":9.67,"2013-03-31":-6.92,"2012-03-31":80.0,"2010-03-31":14.29,"2009-03-31":16.67}],["Other Income",{"2008-03-31":0.0,"2016-03-31":0.26,"2014-03-31":0.24,"2011-03-31":0.0,"2015-03-31":0.28,"2013-03-31":0.54,"2012-03-31":0.0,"2010-03-31":0.0,"2009-03-31":0.0}],["Interest",{"2008-03-31":0.0,"2016-03-31":0.0,"2014-03-31":0.0,"2011-03-31":0.0,"2015-03-31":0.0,"2013-03-31":0.0,"2012-03-31":0.0,"2010-03-31":0.0,"2009-03-31":0.0}],["Depreciation",{"2008-03-31":0.01,"2016-03-31":0.42,"2014-03-31":0.4,"2011-03-31":0.01,"2015-03-31":0.47,"2013-03-31":0.2,"2012-03-31":0.11,"2010-03-31":0.01,"2009-03-31":0.01}],["Profit before tax",{"2008-03-31":0.0,"2016-03-31":0.13,"2014-03-31":0.17,"2011-03-31":-0.02,"2015-03-31":0.2,"2013-03-31":0.17,"2012-03-31":0.09,"2010-03-31":0.0,"2009-03-31":0.0}],["Tax",{"2008-03-31":0.0,"2016-03-31":0.0,"2014-03-31":0.11,"2011-03-31":0.02,"2015-03-31":0.06,"2013-03-31":0.05,"2012-03-31":0.02,"2010-03-31":0.02,"2009-03-31":0.0}],["Net Profit",{"2008-03-31":0.0,"2016-03-31":0.12,"2014-03-31":0.05,"2011-03-31":-0.04,"2015-03-31":0.13,"2013-03-31":0.12,"2012-03-31":0.07,"2010-03-31":-0.02,"2009-03-31":0.0}],["EPS (unadj)",{"2008-03-31":0.0,"2016-03-31":0.01,"2014-03-31":0.03,"2011-03-31":0.0,"2015-03-31":0.01,"2013-03-31":0.08,"2012-03-31":1.39,"2010-03-31":0.0,"2009-03-31":0.0}],["Dividend Payout",{"2008-03-31":"--","2016-03-31":0.0,"2014-03-31":0.0,"2011-03-31":-0.0,"2015-03-31":0.0,"2013-03-31":0.0,"2012-03-31":0.0,"2010-03-31":-0.0,"2009-03-31":"--"}]],"cashflow":[["Cash from Operating Activity",{"2008-03-31":-0.01,"2016-03-31":-0.36,"2014-03-31":-0.48,"2011-03-31":-0.05,"2015-03-31":-2.54,"2013-03-31":-0.06,"2012-03-31":-0.97,"2010-03-31":0.01,"2009-03-31":0.06}],["Cash from Investing Activity",{"2008-03-31":0.0,"2016-03-31":0.37,"2014-03-31":-15.63,"2011-03-31":0.04,"2015-03-31":-2.89,"2013-03-31":-4.66,"2012-03-31":-3.75,"2010-03-31":0.0,"2009-03-31":0.0}],["Cash from Financing Activity",{"2008-03-31":0.0,"2016-03-31":0.0,"2014-03-31":16.74,"2011-03-31":0.0,"2015-03-31":5.54,"2013-03-31":4.72,"2012-03-31":4.73,"2010-03-31":0.0,"2009-03-31":-0.05}],["Net Cash Flow",{"2008-03-31":-0.01,"2016-03-31":0.01,"2014-03-31":0.63,"2011-03-31":-0.01,"2015-03-31":0.11,"2013-03-31":0.0,"2012-03-31":0.01,"2010-03-31":0.01,"2009-03-31":0.01}]],"quarters":[["Sales",{"2014-12-31":0.0,"2015-06-30":0.0,"2015-03-31":3.02,"2015-09-30":2.33,"2015-12-31":0.0}],["Expenses",{"2014-12-31":0.0,"2015-06-30":0.0,"2015-03-31":2.67,"2015-09-30":2.11,"2015-12-31":0.0}],["Operating Profit",{"2014-12-31":0.0,"2015-06-30":0.0,"2015-03-31":0.35,"2015-09-30":0.22,"2015-12-31":0.0}],["OPM",{"2014-12-31":"--","2015-06-30":"--","2015-03-31":11.59,"2015-09-30":9.44,"2015-12-31":"--"}],["Other Income",{"2014-12-31":0.0,"2015-06-30":0.0,"2015-03-31":0.0,"2015-09-30":0.0,"2015-12-31":0.0}],["Depreciation",{"2014-12-31":0.0,"2015-06-30":0.0,"2015-03-31":0.26,"2015-09-30":0.19,"2015-12-31":0.0}],["Interest",{"2014-12-31":0.0,"2015-06-30":0.0,"2015-03-31":0.0,"2015-09-30":0.0,"2015-12-31":0.0}],["Profit before tax",{"2014-12-31":0.0,"2015-06-30":0.0,"2015-03-31":0.09,"2015-09-30":0.03,"2015-12-31":0.0}],["Tax",{"2014-12-31":0.0,"2015-06-30":0.0,"2015-03-31":0.03,"2015-09-30":0.0,"2015-12-31":0.0}],["Net Profit",{"2014-12-31":0.0,"2015-06-30":0.0,"2015-03-31":0.06,"2015-09-30":0.02,"2015-12-31":0.0}]]},"bse_code":"535142","short_name":"Channel Nine","nse_code":"","companyrating_set":[],"annualreport_set":[{"source":"bse","report_date":2017,"link":"http://www.bseindia.com/bseplus/AnnualReport/535142/5351420317.pdf"},{"source":"bse","report_date":2016,"link":"http://www.bseindia.com/bseplus/AnnualReport/535142/5351420316.pdf"},{"source":"bse","report_date":2015,"link":"http://www.bseindia.com/bseplus/AnnualReport/535142/5351420315.pdf"},{"source":"bse","report_date":2014,"link":"http://www.bseindia.com/bseplus/AnnualReport/535142/5351420314.pdf"},{"source":"bse","report_date":2013,"link":"http://www.bseindia.com/bseplus/AnnualReport/535142/5351420313.pdf"}],"announcement_set":[{"ann_date":"25 Apr 2018","announcement":"Ceritificate Pursuant To Regulation 7(3) Of SEBI(LODR) Regulations, 2015 For The Half Year Ended 31St March, 2018","link":"https://www.bseindia.com/corporates/anndet_new.aspx?newsid\u003dfe063bea-1869-40eb-96e4-ae31fc9bf280"},{"ann_date":"24 Apr 2018","announcement":"Certificate Pursuant To Regulation 40(9) Of SEBI(LODR) Reg., 2015","link":"https://www.bseindia.com/corporates/anndet_new.aspx?newsid\u003d4365c13a-211d-43a7-8b7a-532e8d0313c9"},{"ann_date":"20 Apr 2018","announcement":"Shareholding for the Period Ended March 31, 2018","link":"https://www.bseindia.com/corporates/anndet_new.aspx?newsid\u003d3652dde2-7d71-4be2-b25e-750980bed012"},{"ann_date":"14 Apr 2018","announcement":"Statement Of Investor Complaints For The Quarter Ended March 2018","link":"https://www.bseindia.com/corporates/anndet_new.aspx?newsid\u003d7a16563c-a74b-4903-b2a0-bc7c602fc85a"},{"ann_date":"15 Jan 2018","announcement":"Statement Of Investor Complaints For Quarter Ended 31St December, 2017","link":"http://www.bseindia.com/corporates/anndet_new.aspx?newsid\u003d0e243ff2-d850-4209-ba29-abf4845fb915"}],"warehouse_set":{"high_price":26.0,"low_price":17.75,"sales_growth":-19.59,"current_price":17.75,"dividend_yield":0.0,"face_value":1.0,"id":205611,"sales_growth_3years":6.72,"average_return_on_equity_3years":0.38,"book_value":1.33,"status":"Active","profit_growth":-7.69,"market_capitalization":413.39,"price_to_earning":3413.46,"industry":"Movies \u0026 Entertainment","analysis":{"remarks":[],"bad":["Stock is trading at 13.38 times its book value","Though the company is reporting repeated profits, it is not paying out dividend","Promoter holding is low: 20.58%","Company has a low return on equity of 0.38% for last 3 years."],"good":["Company is virtually debt free."]},"result_type":"sa","profit_growth_3years":0.0,"sales_growth_5years":175.25,"return_on_equity":0.39,"average_return_on_equity_5years":0.56},"id":347944,"name":"Channel Nine Entertainment Ltd","screenerStockPrice":{"prices":[1.76,1.94,2.13,2.35,2.59,2.85,3.14,3.46,3.81,4.19,4.62,5.09,5.61,6.18,6.37,6.99,7.64,8.42,9.28,10.23,11.28,12.43,13.7,15.1,16.65,17.38,17.62,19.39,21.2,23.28,23.72,24.63,25.46,26.24,27.11,28.19,29.28,30.33,30.92,31.79,33.02,33.67,32.35,31.07,29.84,28.67,29.52,30.24,30.73,31.28,32.33,31.05,30.71,31.81,32.58,32.74,33.38,33.38,33.34,33.18,33.48,33.3,33.33,32.76,32.75,33.16,32.21,32.88,32.11,33.15,33.15,33.38,33.32,38.48,42.32,38.92,36.65,34.87,33.92,33.82,33.87,33.8,33.78,33.62,33.62,33.75,33.82,33.89,33.55,33.67,33.55,33.68,33.62,33.75,33.52,33.55,33.42,33.28,39.78,52.5,50.5,50.2,50.5,50.41,50.21,50.1,49.99,50.9,50.0,49.8,44.99,48.7,44.5,42.9,40.9,41.7,41.49,42.07,41.95,42.17,42.5,42.16,42.5,42.16,42.51,42.43,42.75,42.4,42.4,42.53,42.86,35.55,33.0,29.6,26.7,24.8,23.95,22.95,22.85,23.0,22.5,23.2,23.5,23.1,25.25,26.5,29.2,32.0,35.3,35.1,35.5,35.0,36.0,37.05,36.9,36.0,35.1,35.9,36.0,37.0,29.0,35.0,22.4,22.0,25.0,23.2,24.0,24.8,25.65,26.5,27.35,28.3,29.3,30.3,31.2,31.5,30.9,30.85,31.25,31.45,31.45,31.5,31.5,31.5,31.5,31.35,31.55,31.2,30.0,28.85,27.75,26.7,25.7,24.7,23.8,22.9,22.2,21.4,20.6,19.8,20.55,21.3,22.1,22.95,23.85,24.75,25.7,26.7,27.7,28.8,29.75,30.9,32.1,32.05,32.05,33.0,32.85,32.95,32.95,33.0,33.1,33.5,34.6,35.25,35.15,33.8,32.5,31.25,30.05,28.9,27.8,26.75,26.0,25.0,24.95,24.05,23.15,22.25,21.45,20.65,19.85,19.15,18.45,17.75],"dates":["12 Mar 2013","25 Mar 2013","06 Jun 2013","20 Jun 2013","04 Jul 2013","30 Jul 2013","09 Oct 2013","01 Nov 2013","27 Nov 2013","06 Dec 2013","13 Dec 2013","20 Dec 2013","02 Jan 2014","06 Jan 2014","14 Jan 2014","21 Jan 2014","29 Jan 2014","03 Feb 2014","11 Feb 2014","13 Feb 2014","17 Feb 2014","19 Feb 2014","04 Mar 2014","07 Mar 2014","11 Mar 2014","13 Mar 2014","18 Mar 2014","20 Mar 2014","22 Mar 2014","25 Mar 2014","27 Mar 2014","31 Mar 2014","02 Apr 2014","04 Apr 2014","09 Apr 2014","11 Apr 2014","16 Apr 2014","21 Apr 2014","23 Apr 2014","28 Apr 2014","30 Apr 2014","05 May 2014","07 May 2014","09 May 2014","13 May 2014","15 May 2014","19 May 2014","21 May 2014","23 May 2014","27 May 2014","29 May 2014","02 Jun 2014","04 Jun 2014","06 Jun 2014","10 Jun 2014","12 Jun 2014","16 Jun 2014","18 Jun 2014","20 Jun 2014","24 Jun 2014","26 Jun 2014","30 Jun 2014","02 Jul 2014","04 Jul 2014","08 Jul 2014","10 Jul 2014","14 Jul 2014","16 Jul 2014","18 Jul 2014","22 Jul 2014","24 Jul 2014","28 Jul 2014","31 Jul 2014","04 Aug 2014","13 Aug 2014","18 Aug 2014","20 Aug 2014","22 Aug 2014","26 Aug 2014","28 Aug 2014","02 Sep 2014","04 Sep 2014","08 Sep 2014","11 Sep 2014","16 Sep 2014","19 Sep 2014","23 Sep 2014","26 Sep 2014","30 Sep 2014","07 Oct 2014","10 Oct 2014","14 Oct 2014","17 Oct 2014","21 Oct 2014","28 Oct 2014","31 Oct 2014","05 Nov 2014","10 Nov 2014","12 Nov 2014","19 Nov 2014","25 Nov 2014","27 Nov 2014","01 Dec 2014","03 Dec 2014","05 Dec 2014","10 Dec 2014","12 Dec 2014","16 Dec 2014","18 Dec 2014","22 Dec 2014","24 Dec 2014","29 Dec 2014","31 Dec 2014","06 Jan 2015","08 Jan 2015","12 Jan 2015","15 Jan 2015","20 Jan 2015","22 Jan 2015","28 Jan 2015","30 Jan 2015","03 Feb 2015","05 Feb 2015","09 Feb 2015","11 Feb 2015","13 Feb 2015","18 Feb 2015","20 Feb 2015","24 Feb 2015","26 Feb 2015","28 Feb 2015","05 Mar 2015","10 Mar 2015","12 Mar 2015","16 Mar 2015","18 Mar 2015","20 Mar 2015","24 Mar 2015","26 Mar 2015","30 Mar 2015","07 Apr 2015","09 Apr 2015","15 Apr 2015","22 Apr 2015","27 Apr 2015","30 Apr 2015","06 May 2015","08 May 2015","12 May 2015","20 May 2015","26 May 2015","03 Jun 2015","18 Jun 2015","22 Jun 2015","26 Jun 2015","01 Jul 2015","07 Jul 2015","20 Jul 2015","22 Jul 2015","03 Aug 2015","01 Sep 2015","10 Sep 2015","21 Sep 2015","13 Oct 2015","10 Dec 2015","31 Dec 2015","18 Jan 2016","20 Jan 2016","22 Jan 2016","27 Jan 2016","01 Feb 2016","03 Feb 2016","05 Feb 2016","09 Feb 2016","11 Feb 2016","15 Feb 2016","17 Feb 2016","19 Feb 2016","23 Feb 2016","25 Feb 2016","29 Feb 2016","02 Mar 2016","04 Mar 2016","09 Mar 2016","11 Mar 2016","15 Mar 2016","17 Mar 2016","21 Mar 2016","29 Mar 2016","31 Mar 2016","30 May 2016","08 Jun 2016","15 Jun 2016","17 Jun 2016","22 Jun 2016","28 Jun 2016","30 Jun 2016","04 Jul 2016","12 Jul 2016","15 Jul 2016","19 Jul 2016","21 Jul 2016","25 Jul 2016","27 Jul 2016","29 Jul 2016","02 Aug 2016","04 Aug 2016","08 Aug 2016","10 Aug 2016","12 Aug 2016","17 Aug 2016","19 Aug 2016","23 Aug 2016","25 Aug 2016","30 Aug 2016","01 Sep 2016","06 Sep 2016","15 Sep 2016","19 Sep 2016","23 Sep 2016","28 Sep 2016","30 Sep 2016","04 Oct 2016","06 Oct 2016","14 Oct 2016","24 Oct 2016","27 Oct 2016","14 Feb 2017","01 Mar 2017","16 Mar 2017","22 Mar 2017","24 Mar 2017","09 Jun 2017","19 Jun 2017","19 Jul 2017","09 Aug 2017","28 Aug 2017","27 Dec 2017","05 Jan 2018","18 Jan 2018","15 Feb 2018","13 Mar 2018","19 Mar 2018","18 Apr 2018"],"id":"347944"},"stockPricesEventDays":{"exRightsStocks":{"20140708":32.75,"20140709":33.46,"20140423":30.92,"20140820":36.65,"20140421":30.33,"20141114":47.72,"20140422":30.76,"20141112":39.77,"20141111":33.14,"20141110":33.28,"20141231":44.5,"20140827":33.88,"20140828":33.81,"20140707":32.73,"20140825":34.24,"20140704":32.76,"20140429":32.41,"20140826":33.91,"20140702":33.32,"20140703":32.87,"20140428":31.79,"20141119":52.5,"20140821":35.63,"20140425":31.17,"20140822":34.86,"20140701":33.59,"20140818":38.91,"20140819":37.57,"20141230":44.38,"20141105":33.41,"20140930":33.55,"20141226":49.1,"20140410":27.63,"20141103":33.48,"20140411":28.18,"20141224":44.99,"20141223":49.55,"20140530":31.68,"20141222":49.8,"20140814":40.25,"20140812":42.31,"20140416":29.28,"20140813":42.31,"20140417":29.86,"20141229":48.7,"20141107":33.38,"20140415":28.73,"20140609":31.94,"20141021":33.75,"20141020":33.7,"20140324":22.17,"20141017":33.61,"20140721":33.27,"20140325":23.28,"20141016":33.7,"20140322":21.2,"20141014":33.68,"20140320":19.39,"20141013":33.6,"20140321":20.19,"20140728":33.38,"20140605":31.19,"20140606":31.81,"20140724":33.14,"20140603":30.71,"20140328":24.15,"20140725":33.2,"20140604":30.71,"20140722":33.14,"20140326":23.26,"20140723":33.12,"20140602":31.05,"20140327":23.72,"20141010":33.55,"20150105":49.95,"20150106":42.9,"20150107":42.8,"20150108":40.9,"20141007":33.67,"20141128":50.35,"20140710":33.16,"20141127":50.2,"20141126":50.5,"20141125":50.5,"20140430":33.02,"20141001":33.61,"20141121":50.43,"20140717":33.41,"20140718":32.1,"20140715":33.08,"20140319":18.49,"20140716":32.87,"20140714":32.21,"20140318":17.61,"20140711":32.87,"20141008":33.61,"20140908":33.78,"20140909":33.88,"20140620":33.33,"20140904":33.8,"20140508":31.7,"20140905":33.72,"20140509":31.07,"20140902":33.87,"20140627":33.34,"20140506":33.0,"20140903":33.81,"20140507":32.34,"20140625":33.02,"20140901":33.88,"20140626":33.47,"20140505":33.67,"20140623":33.29,"20140502":33.29,"20140624":33.18,"20141031":33.55,"20141030":33.38,"20140731":33.31,"20140610":32.57,"20141028":33.51,"20140611":32.74,"20140730":33.21,"20140331":24.62,"20141022":33.75,"20140618":33.37,"20140619":33.33,"20140616":33.38,"20140617":33.32,"20140612":32.74,"20140613":33.05,"20140929":33.78,"20140522":30.55,"20140401":24.99,"20141216":50.9,"20140523":30.72,"20140402":25.46,"20141215":51.0,"20140520":29.75,"20140521":30.24,"20141212":49.99,"20141211":50.03,"20141210":50.1,"20140926":33.88,"20140409":27.1,"20140528":31.72,"20140407":26.71,"20140925":33.75,"20140804":38.47,"20140529":32.32,"20140922":33.81,"20140801":34.97,"20140526":30.82,"20140923":33.81,"20140527":31.28,"20141219":50.05,"20140403":25.9,"20141218":50.0,"20140404":26.23,"20141217":50.7,"20140919":33.75,"20140917":33.68,"20141205":50.21,"20140512":30.45,"20141204":50.42,"20140630":33.29,"20141203":50.41,"20141202":50.4,"20141201":50.5,"20140519":29.52,"20140916":33.61,"20140911":33.61,"20140515":28.66,"20141209":50.15,"20140912":33.58,"20140516":29.16,"20140513":29.84,"20140514":29.25},"anncStocks":{"20140708":32.75,"20140709":33.46,"20140423":30.92,"20140421":30.33,"20140422":30.76,"20140707":32.73,"20140429":32.41,"20140704":32.76,"20140702":33.32,"20140428":31.79,"20140307":15.1,"20140703":32.87,"20140425":31.17,"20140304":13.7,"20140305":14.38,"20140701":33.59,"20131024":3.29,"20140410":27.63,"20140411":28.18,"20140530":31.68,"20140131":8.02,"20140416":29.28,"20140417":29.86,"20140415":28.73,"20140609":31.94,"20131210":4.4,"20131213":4.62,"20131217":4.85,"20140324":22.17,"20140203":8.42,"20140325":23.28,"20140721":33.27,"20140322":21.2,"20140320":19.39,"20140321":20.19,"20131220":5.09,"20140728":33.38,"20140605":31.19,"20140606":31.81,"20140603":30.71,"20140328":24.15,"20140724":33.14,"20140604":30.71,"20140725":33.2,"20140326":23.26,"20140722":33.14,"20140602":31.05,"20140327":23.72,"20140206":8.84,"20140723":33.12,"20131202":4.0,"20131206":4.19,"20140313":17.38,"20140314":17.53,"20140710":33.16,"20140311":16.65,"20140312":17.36,"20140430":33.02,"20140310":15.86,"20140717":33.41,"20140718":32.1,"20140319":18.49,"20140715":33.08,"20140716":32.87,"20140318":17.61,"20140714":32.21,"20140711":32.87,"20131118":3.63,"20140102":5.61,"20140103":5.88,"20140620":33.33,"20140221":13.05,"20140508":31.7,"20140509":31.07,"20140506":33.0,"20140627":33.34,"20140507":32.34,"20140625":33.02,"20140505":33.67,"20140626":33.47,"20140502":33.29,"20140106":6.18,"20140623":33.29,"20140107":6.07,"20140624":33.18,"20131101":3.46,"20131226":5.34,"20140214":10.74,"20140610":32.57,"20140611":32.74,"20140212":9.74,"20140213":10.23,"20140331":24.62,"20140211":9.28,"20140618":33.37,"20140619":33.33,"20140616":33.38,"20140617":33.32,"20140218":11.84,"20140219":12.43,"20140612":32.74,"20140217":11.27,"20140613":33.05,"20140522":30.55,"20140401":24.99,"20140523":30.72,"20140402":25.46,"20140520":29.75,"20140521":30.24,"20140122":7.28,"20140121":6.99,"20140409":27.1,"20140528":31.72,"20140407":26.71,"20140529":32.32,"20140526":30.82,"20140527":31.28,"20140403":25.9,"20140404":26.23,"20140129":7.64,"20131009":3.14,"20131127":3.81,"20140512":30.45,"20140630":33.29,"20140114":6.37,"20140519":29.52,"20140515":28.66,"20140516":29.16,"20140513":29.84,"20140117":6.69,"20140514":29.25},"recordStocks":{"20140708":32.75,"20140709":33.46,"20140423":30.92,"20140820":36.65,"20140421":30.33,"20141114":47.72,"20140422":30.76,"20141112":39.77,"20141111":33.14,"20141110":33.28,"20141231":44.5,"20140827":33.88,"20140828":33.81,"20140707":32.73,"20140825":34.24,"20140704":32.76,"20140429":32.41,"20140826":33.91,"20140702":33.32,"20140703":32.87,"20140428":31.79,"20141119":52.5,"20140821":35.63,"20140425":31.17,"20140822":34.86,"20140701":33.59,"20140818":38.91,"20140819":37.57,"20141230":44.38,"20141105":33.41,"20140930":33.55,"20141226":49.1,"20140410":27.63,"20141103":33.48,"20140411":28.18,"20141224":44.99,"20141223":49.55,"20140530":31.68,"20141222":49.8,"20140814":40.25,"20140812":42.31,"20140416":29.28,"20140813":42.31,"20140417":29.86,"20141229":48.7,"20141107":33.38,"20140415":28.73,"20140609":31.94,"20141021":33.75,"20141020":33.7,"20140324":22.17,"20141017":33.61,"20140721":33.27,"20140325":23.28,"20141016":33.7,"20140322":21.2,"20141014":33.68,"20140320":19.39,"20141013":33.6,"20140321":20.19,"20140728":33.38,"20140605":31.19,"20140606":31.81,"20140724":33.14,"20140603":30.71,"20140328":24.15,"20140725":33.2,"20140604":30.71,"20140722":33.14,"20140326":23.26,"20140723":33.12,"20140602":31.05,"20140327":23.72,"20141010":33.55,"20150109":42.4,"20150105":49.95,"20150106":42.9,"20150107":42.8,"20150108":40.9,"20141007":33.67,"20141128":50.35,"20140710":33.16,"20141127":50.2,"20141126":50.5,"20141125":50.5,"20140430":33.02,"20141001":33.61,"20141121":50.43,"20140717":33.41,"20140718":32.1,"20140715":33.08,"20140319":18.49,"20140716":32.87,"20140714":32.21,"20140318":17.61,"20140711":32.87,"20141008":33.61,"20140908":33.78,"20140909":33.88,"20140620":33.33,"20140904":33.8,"20140508":31.7,"20140905":33.72,"20140509":31.07,"20140902":33.87,"20140627":33.34,"20140506":33.0,"20140903":33.81,"20140507":32.34,"20140625":33.02,"20140901":33.88,"20140626":33.47,"20140505":33.67,"20140623":33.29,"20140502":33.29,"20140624":33.18,"20141031":33.55,"20141030":33.38,"20140731":33.31,"20140610":32.57,"20141028":33.51,"20140611":32.74,"20140730":33.21,"20140331":24.62,"20141022":33.75,"20140618":33.37,"20140619":33.33,"20140616":33.38,"20140617":33.32,"20140612":32.74,"20140613":33.05,"20140929":33.78,"20140522":30.55,"20140401":24.99,"20141216":50.9,"20140523":30.72,"20140402":25.46,"20141215":51.0,"20140520":29.75,"20140521":30.24,"20141212":49.99,"20141211":50.03,"20141210":50.1,"20140926":33.88,"20140409":27.1,"20140528":31.72,"20140407":26.71,"20140925":33.75,"20140804":38.47,"20140529":32.32,"20140922":33.81,"20140801":34.97,"20140526":30.82,"20140923":33.81,"20140527":31.28,"20141219":50.05,"20140403":25.9,"20141218":50.0,"20140404":26.23,"20141217":50.7,"20140919":33.75,"20140917":33.68,"20141205":50.21,"20140512":30.45,"20141204":50.42,"20140630":33.29,"20141203":50.41,"20141202":50.4,"20141201":50.5,"20140519":29.52,"20140916":33.61,"20140911":33.61,"20140515":28.66,"20141209":50.15,"20140912":33.58,"20140516":29.16,"20140513":29.84,"20140514":29.25}},"excelBean":{"Company":"Channel Nine","Rights_Ratio":"1:02","FV":10,"Premium":0,"Announced":"9/6/2014","Record":"21-11-14","Ex_Rights":"20-11-14","Hyperlink":"http://www.moneycontrol.com/stocks/company_info/pricechart.php?sc_did\u003dCNE"}}