{"prime":"sa","number_set":{"balancesheet":[["Share Capital",{"2008-03-31":13.55,"2016-03-31":13.55,"2014-03-31":18.55,"2011-03-31":18.55,"2015-03-31":18.55,"2013-03-31":18.55,"2012-03-31":18.55,"2017-03-31":27.1,"2010-03-31":18.55,"2009-03-31":13.55,"2007-03-31":0.05}],["Reserves",{"2008-03-31":-9.56,"2016-03-31":3.7,"2014-03-31":-5.66,"2011-03-31":-16.05,"2015-03-31":-1.78,"2013-03-31":-8.56,"2012-03-31":-11.33,"2017-03-31":14.8,"2010-03-31":-18.17,"2009-03-31":-18.95,"2007-03-31":0.0}],["Borrowings",{"2008-03-31":97.64,"2016-03-31":37.26,"2014-03-31":84.15,"2011-03-31":90.26,"2015-03-31":57.33,"2013-03-31":95.39,"2012-03-31":102.21,"2017-03-31":24.61,"2010-03-31":96.57,"2009-03-31":96.22,"2007-03-31":0.0}],["Other Liabilities",{"2008-03-31":78.4,"2016-03-31":97.0,"2014-03-31":97.11,"2011-03-31":85.55,"2015-03-31":89.08,"2013-03-31":74.49,"2012-03-31":70.15,"2017-03-31":94.63,"2010-03-31":86.92,"2009-03-31":49.55,"2007-03-31":0.06}],["Total Liabilities",{"2008-03-31":166.53,"2016-03-31":151.51,"2014-03-31":189.15,"2011-03-31":173.31,"2015-03-31":158.18,"2013-03-31":174.87,"2012-03-31":174.58,"2017-03-31":161.14,"2010-03-31":178.87,"2009-03-31":126.87,"2007-03-31":0.11}],["Fixed Assets",{"2008-03-31":87.34,"2016-03-31":90.12,"2014-03-31":99.06,"2011-03-31":116.42,"2015-03-31":93.51,"2013-03-31":104.54,"2012-03-31":110.02,"2017-03-31":89.53,"2010-03-31":118.88,"2009-03-31":78.02,"2007-03-31":0.0}],["CWIP",{"2008-03-31":1.01,"2016-03-31":4.82,"2014-03-31":4.82,"2011-03-31":4.09,"2015-03-31":4.82,"2013-03-31":4.83,"2012-03-31":4.8,"2017-03-31":4.82,"2010-03-31":2.59,"2009-03-31":1.07,"2007-03-31":0.0}],["Investments",{"2008-03-31":0.0,"2016-03-31":0.0,"2014-03-31":0.0,"2011-03-31":0.0,"2015-03-31":0.0,"2013-03-31":0.0,"2012-03-31":0.0,"2017-03-31":0.0,"2010-03-31":0.0,"2009-03-31":0.0,"2007-03-31":0.0}],["Other Assets",{"2008-03-31":78.18,"2016-03-31":56.57,"2014-03-31":85.27,"2011-03-31":52.8,"2015-03-31":59.85,"2013-03-31":65.5,"2012-03-31":59.76,"2017-03-31":66.79,"2010-03-31":57.4,"2009-03-31":47.78,"2007-03-31":0.11}],["Total Assets",{"2008-03-31":166.53,"2016-03-31":151.51,"2014-03-31":189.15,"2011-03-31":173.31,"2015-03-31":158.18,"2013-03-31":174.87,"2012-03-31":174.58,"2017-03-31":161.14,"2010-03-31":178.87,"2009-03-31":126.87,"2007-03-31":0.11}]],"annual":[["Sales",{"2008-03-31":177.37,"2016-03-31":200.26,"2014-03-31":316.97,"2011-03-31":283.51,"2015-03-31":243.01,"2013-03-31":296.35,"2012-03-31":321.7,"2017-03-31":222.78,"2010-03-31":194.21,"2009-03-31":161.58,"2007-03-31":0.0}],["Expenses",{"2008-03-31":173.61,"2016-03-31":183.08,"2014-03-31":300.0,"2011-03-31":263.73,"2015-03-31":225.98,"2013-03-31":277.76,"2012-03-31":301.79,"2017-03-31":208.62,"2010-03-31":177.41,"2009-03-31":152.37,"2007-03-31":0.0}],["Operating Profit",{"2008-03-31":3.76,"2016-03-31":17.18,"2014-03-31":16.97,"2011-03-31":19.78,"2015-03-31":17.03,"2013-03-31":18.59,"2012-03-31":19.91,"2017-03-31":14.16,"2010-03-31":16.8,"2009-03-31":9.21,"2007-03-31":0.0}],["OPM",{"2008-03-31":2.12,"2016-03-31":8.58,"2014-03-31":5.35,"2011-03-31":6.98,"2015-03-31":7.01,"2013-03-31":6.27,"2012-03-31":6.19,"2017-03-31":6.36,"2010-03-31":8.65,"2009-03-31":5.7,"2007-03-31":"--"}],["Other Income",{"2008-03-31":0.6,"2016-03-31":0.38,"2014-03-31":1.01,"2011-03-31":0.66,"2015-03-31":0.5,"2013-03-31":0.73,"2012-03-31":2.62,"2017-03-31":0.62,"2010-03-31":2.1,"2009-03-31":0.35,"2007-03-31":0.0}],["Interest",{"2008-03-31":9.38,"2016-03-31":3.76,"2014-03-31":6.96,"2011-03-31":9.12,"2015-03-31":5.82,"2013-03-31":8.03,"2012-03-31":9.17,"2017-03-31":2.42,"2010-03-31":9.11,"2009-03-31":9.03,"2007-03-31":0.0}],["Depreciation",{"2008-03-31":11.17,"2016-03-31":5.89,"2014-03-31":7.16,"2011-03-31":9.2,"2015-03-31":6.62,"2013-03-31":7.82,"2012-03-31":8.57,"2017-03-31":5.39,"2010-03-31":9.01,"2009-03-31":9.83,"2007-03-31":0.0}],["Profit before tax",{"2008-03-31":-16.19,"2016-03-31":7.91,"2014-03-31":3.87,"2011-03-31":2.12,"2015-03-31":5.08,"2013-03-31":3.48,"2012-03-31":4.78,"2017-03-31":6.95,"2010-03-31":0.78,"2009-03-31":-9.3,"2007-03-31":0.0}],["Tax",{"2008-03-31":0.05,"2016-03-31":2.43,"2014-03-31":0.97,"2011-03-31":0.0,"2015-03-31":1.07,"2013-03-31":0.72,"2012-03-31":0.05,"2017-03-31":1.95,"2010-03-31":0.0,"2009-03-31":0.1,"2007-03-31":0.0}],["Net Profit",{"2008-03-31":-16.24,"2016-03-31":5.48,"2014-03-31":2.9,"2011-03-31":2.12,"2015-03-31":4.02,"2013-03-31":2.77,"2012-03-31":4.73,"2017-03-31":5.0,"2010-03-31":0.78,"2009-03-31":-9.4,"2007-03-31":0.0}],["EPS (unadj)",{"2008-03-31":0.0,"2016-03-31":4.04,"2014-03-31":2.14,"2011-03-31":0.78,"2015-03-31":2.96,"2013-03-31":1.02,"2012-03-31":1.74,"2017-03-31":1.85,"2010-03-31":0.29,"2009-03-31":0.0,"2007-03-31":0.0}],["Dividend Payout",{"2008-03-31":-0.0,"2016-03-31":0.0,"2014-03-31":0.0,"2011-03-31":0.0,"2015-03-31":0.0,"2013-03-31":0.0,"2012-03-31":0.0,"2017-03-31":0.0,"2010-03-31":0.0,"2009-03-31":-0.0,"2007-03-31":"--"}]],"cashflow":[["Cash from Operating Activity",{"2016-03-31":31.78,"2014-03-31":22.84,"2011-03-31":21.5,"2015-03-31":25.0,"2013-03-31":15.08,"2012-03-31":-1.68,"2017-03-31":12.84,"2010-03-31":10.86}],["Cash from Investing Activity",{"2016-03-31":-3.57,"2014-03-31":-3.99,"2011-03-31":-8.03,"2015-03-31":7.4,"2013-03-31":-1.23,"2012-03-31":-0.17,"2017-03-31":-17.41,"2010-03-31":-7.06}],["Cash from Financing Activity",{"2016-03-31":-28.83,"2014-03-31":-18.21,"2011-03-31":-13.97,"2015-03-31":-32.64,"2013-03-31":-15.0,"2012-03-31":2.35,"2017-03-31":4.57,"2010-03-31":-3.76}],["Net Cash Flow",{"2016-03-31":-0.61,"2014-03-31":0.64,"2011-03-31":-0.5,"2015-03-31":-0.25,"2013-03-31":-1.15,"2012-03-31":0.5,"2017-03-31":0.0,"2010-03-31":0.04}]],"quarters":[["Sales",{"2016-06-30":49.42,"2016-12-31":45.52,"2017-03-31":72.82,"2017-06-30":59.95,"2015-06-30":56.87,"2015-03-31":62.76,"2017-09-30":58.08,"2015-12-31":47.13,"2016-03-31":47.21,"2017-12-31":62.32,"2016-09-30":55.84,"2015-09-30":50.25}],["Expenses",{"2016-06-30":45.68,"2016-12-31":42.9,"2017-03-31":69.73,"2017-06-30":56.58,"2015-06-30":52.58,"2015-03-31":55.99,"2017-09-30":57.45,"2015-12-31":42.88,"2016-03-31":42.34,"2017-12-31":60.03,"2016-09-30":51.14,"2015-09-30":46.47}],["Operating Profit",{"2016-06-30":3.74,"2016-12-31":2.62,"2017-03-31":3.09,"2017-06-30":3.37,"2015-06-30":4.29,"2015-03-31":6.77,"2017-09-30":0.63,"2015-12-31":4.25,"2016-03-31":4.87,"2017-12-31":2.29,"2016-09-30":4.7,"2015-09-30":3.78}],["OPM",{"2016-06-30":7.57,"2016-12-31":5.76,"2017-03-31":4.24,"2017-06-30":5.62,"2015-06-30":7.54,"2015-03-31":10.79,"2017-09-30":1.08,"2015-12-31":9.02,"2016-03-31":10.32,"2017-12-31":3.67,"2016-09-30":8.42,"2015-09-30":7.52}],["Other Income",{"2016-06-30":0.11,"2016-12-31":0.1,"2017-03-31":0.37,"2017-06-30":0.15,"2015-06-30":0.11,"2015-03-31":-0.08,"2017-09-30":0.14,"2015-12-31":0.08,"2016-03-31":0.12,"2017-12-31":0.65,"2016-09-30":0.03,"2015-09-30":0.08}],["Depreciation",{"2016-06-30":1.31,"2016-12-31":1.46,"2017-03-31":1.54,"2017-06-30":1.26,"2015-06-30":1.74,"2015-03-31":2.55,"2017-09-30":1.27,"2015-12-31":1.01,"2016-03-31":1.46,"2017-12-31":1.31,"2016-09-30":1.08,"2015-09-30":1.68}],["Interest",{"2016-06-30":0.55,"2016-12-31":0.65,"2017-03-31":0.57,"2017-06-30":0.9,"2015-06-30":1.26,"2015-03-31":1.19,"2017-09-30":0.66,"2015-12-31":0.82,"2016-03-31":0.62,"2017-12-31":0.7,"2016-09-30":0.65,"2015-09-30":1.06}],["Profit before tax",{"2016-06-30":1.99,"2016-12-31":0.62,"2017-03-31":1.35,"2017-06-30":1.36,"2015-06-30":1.39,"2015-03-31":2.96,"2017-09-30":-1.16,"2015-12-31":2.5,"2016-03-31":2.91,"2017-12-31":0.92,"2016-09-30":3.0,"2015-09-30":1.12}],["Tax",{"2016-06-30":0.41,"2016-12-31":0.13,"2017-03-31":0.81,"2017-06-30":0.28,"2015-06-30":0.29,"2015-03-31":0.63,"2017-09-30":-0.24,"2015-12-31":0.52,"2016-03-31":1.38,"2017-12-31":0.19,"2016-09-30":0.61,"2015-09-30":0.23}],["Net Profit",{"2016-06-30":1.59,"2016-12-31":0.49,"2017-03-31":0.54,"2017-06-30":1.08,"2015-06-30":1.1,"2015-03-31":2.33,"2017-09-30":-0.92,"2015-12-31":1.97,"2016-03-31":1.52,"2017-12-31":0.73,"2016-09-30":2.39,"2015-09-30":0.88}]]},"bse_code":"533407","short_name":"CIL Nova Petro.","nse_code":"CNOVAPETRO","companyrating_set":[{"rating__rating":"IND BB+(Stable)","instrument":"Long Term Rating","rating__source":"fitch","link":"http://www.indiaratings.co.in/search/search.jsp?q\u003dCIL Nova Petrochemicals Ltd"},{"rating__rating":"IND A4+(Stable)","instrument":"Short Term","rating__source":"fitch","link":"http://www.indiaratings.co.in/search/search.jsp?q\u003dCIL Nova Petrochemicals Ltd"}],"annualreport_set":[{"source":"bse","report_date":2017,"link":"http://www.bseindia.com/bseplus/AnnualReport/533407/5334070317.pdf"},{"source":"bse","report_date":2016,"link":"http://www.bseindia.com/bseplus/AnnualReport/533407/5334070316.pdf"},{"source":"bse","report_date":2015,"link":"http://www.bseindia.com/bseplus/AnnualReport/533407/5334070315.pdf"},{"source":"bse","report_date":2014,"link":"http://www.bseindia.com/bseplus/AnnualReport/533407/5334070314.pdf"},{"source":"bse","report_date":2013,"link":"http://www.bseindia.com/bseplus/annualreport/533407/5334070313.pdf"},{"source":"bse","report_date":2012,"link":"http://www.bseindia.com/bseplus/annualreport/533407/5334070312.PDF"}],"announcement_set":[{"ann_date":"01 May 2018","announcement":"Announcement under Regulation 30 (LODR)-Acquisition","link":"https://www.bseindia.com/corporates/anndet_new.aspx?newsid\u003dde91f491-600b-4b2b-b980-47f15c2dab75"},{"ann_date":"21 Apr 2018","announcement":"Compliance U/R 40 Of SEBI (LODR) Regulations, 2015 As On 31St March, 2018.","link":"https://www.bseindia.com/corporates/anndet_new.aspx?newsid\u003da60d4921-2f7b-4062-9b3e-8b8f382e5a50"},{"ann_date":"20 Apr 2018","announcement":"Announcement under Regulation 30 (LODR)-Acquisition","link":"https://www.bseindia.com/corporates/anndet_new.aspx?newsid\u003dd0978d74-16ea-4e2f-acfa-3cfe1ef2b78c"},{"ann_date":"18 Apr 2018","announcement":"Shareholding for the Period Ended March 31, 2018","link":"https://www.bseindia.com/corporates/anndet_new.aspx?newsid\u003d33e79fdd-efe7-465d-8981-48eff66a35a1"},{"ann_date":"12 Apr 2018","announcement":"Compliance Certificate For The Period Ended On 31St March, 2018.","link":"https://www.bseindia.com/corporates/anndet_new.aspx?newsid\u003d63f60c6f-a4a8-4a90-a8d9-74d864d794b3"}],"warehouse_set":{"high_price":55.35,"low_price":21.25,"sales_growth":27.87,"current_price":33.55,"dividend_yield":0.0,"face_value":10.0,"id":3175,"sales_growth_3years":-11.09,"profit_growth_5years":1.12,"average_return_on_equity_3years":26.11,"book_value":15.79,"status":"Active","sales_growth_10years":2.56,"profit_growth":-76.13,"market_capitalization":90.92,"price_to_earning":63.58,"industry":"Textiles","analysis":{"remarks":[],"bad":["Though the company is reporting repeated profits, it is not paying out dividend","Company has low interest coverage ratio.","The company has delivered a poor growth of -7.09% over past five years.","Contingent liabilities of Rs.28.58 Cr.","Company might be capitalizing the interest cost"],"good":["Company has reduced debt.","Company is expected to give good quarter","Company has a good return on equity (ROE) track record: 3 Years ROE 26.11%"]},"result_type":"sa","profit_growth_3years":19.5,"sales_growth_5years":-7.09,"return_on_equity":16.91,"average_return_on_equity_5years":30.94},"id":653,"name":"CIL Nova Petrochemicals Ltd","screenerStockPrice":{"prices":[21.5,19.78,19.39,19.58,21.12,19.84,19.46,18.88,17.98,19.78,22.34,22.02,21.76,22.21,20.1,22.27,21.38,20.1,20.48,19.84,20.35,21.76,24.45,24.96,24.45,23.81,23.94,24.19,25.41,25.34,24.19,23.04,23.42,23.49,23.17,23.36,23.68,23.68,23.81,23.68,23.87,23.68,23.87,24.0,23.1,23.23,23.04,23.04,23.04,23.04,22.78,22.91,22.98,22.72,22.98,23.04,23.68,24.51,24.06,24.38,26.88,26.88,25.66,23.68,24.06,21.63,22.14,16.9,16.96,16.96,16.96,17.02,16.96,17.02,16.96,17.02,15.49,12.93,12.86,12.8,12.8,12.8,12.8,12.77,12.8,12.8,12.06,11.52,11.52,11.52,11.52,12.13,14.08,16.0,17.95,19.2,20.8,19.07,17.92,17.92,15.9,16.19,14.3,14.72,14.08,11.58,10.88,10.56,10.69,10.85,10.27,10.24,10.24,11.62,10.34,10.56,10.24,10.91,12.38,11.97,12.32,12.74,11.97,10.88,12.48,12.06,14.72,13.92,12.64,14.72,16.64,16.64,17.28,17.38,17.44,17.6,17.6,17.6,17.92,18.56,26.72,22.98,19.2,19.2,20.35,19.9,22.27,24.0,24.83,20.06,16.64,16.86,21.76,18.88,23.68,21.12,22.08,21.7,21.18,22.08,22.18,21.44,22.78,22.53,29.92,35.25,31.55,23.75,24.8,21.9,22.6,24.0,24.5,24.4,23.45,22.9,22.5,23.0,22.95,22.85,24.35,28.7,28.0,26.9,26.65,24.5,26.95,25.65,26.55,31.6,30.6,27.0,27.0,37.7,49.05,39.9,42.2,41.6,40.55,40.55,49.0,47.3,42.15,43.0,41.5,41.65,41.5,35.3,33.55,36.3,34.85,30.15,35.4,36.0,37.1],"dates":["23 May 2011","01 Jun 2011","10 Jun 2011","21 Jun 2011","30 Jun 2011","11 Jul 2011","20 Jul 2011","29 Jul 2011","10 Aug 2011","23 Aug 2011","05 Sep 2011","14 Sep 2011","23 Sep 2011","07 Oct 2011","19 Oct 2011","31 Oct 2011","11 Nov 2011","22 Nov 2011","02 Dec 2011","14 Dec 2011","23 Dec 2011","06 Jan 2012","17 Jan 2012","27 Jan 2012","07 Feb 2012","16 Feb 2012","28 Feb 2012","07 Mar 2012","19 Mar 2012","28 Mar 2012","10 Apr 2012","19 Apr 2012","30 Apr 2012","10 May 2012","21 May 2012","30 May 2012","08 Jun 2012","19 Jun 2012","28 Jun 2012","09 Jul 2012","18 Jul 2012","27 Jul 2012","07 Aug 2012","17 Aug 2012","29 Aug 2012","07 Sep 2012","17 Sep 2012","27 Sep 2012","09 Oct 2012","18 Oct 2012","30 Oct 2012","08 Nov 2012","20 Nov 2012","30 Nov 2012","11 Dec 2012","20 Dec 2012","01 Jan 2013","10 Jan 2013","21 Jan 2013","30 Jan 2013","08 Feb 2013","19 Feb 2013","28 Feb 2013","11 Mar 2013","21 Mar 2013","03 Apr 2013","18 Apr 2013","02 May 2013","13 May 2013","22 May 2013","03 Jun 2013","12 Jun 2013","28 Jun 2013","09 Jul 2013","18 Jul 2013","29 Jul 2013","07 Aug 2013","20 Aug 2013","29 Aug 2013","10 Sep 2013","19 Sep 2013","03 Oct 2013","14 Oct 2013","28 Oct 2013","12 Nov 2013","28 Nov 2013","07 Jan 2014","23 Jan 2014","03 Feb 2014","17 Feb 2014","28 Feb 2014","11 Mar 2014","21 Mar 2014","02 Apr 2014","16 Apr 2014","29 Apr 2014","09 May 2014","20 May 2014","29 May 2014","09 Jun 2014","18 Jun 2014","27 Jun 2014","08 Jul 2014","17 Jul 2014","28 Jul 2014","07 Aug 2014","19 Aug 2014","28 Aug 2014","09 Sep 2014","18 Sep 2014","07 Oct 2014","21 Oct 2014","03 Nov 2014","14 Nov 2014","02 Dec 2014","15 Dec 2014","24 Dec 2014","06 Jan 2015","15 Jan 2015","30 Jan 2015","13 Feb 2015","27 Feb 2015","12 Mar 2015","23 Mar 2015","07 Apr 2015","17 Apr 2015","05 May 2015","21 May 2015","09 Jun 2015","19 Jun 2015","30 Jun 2015","09 Jul 2015","20 Jul 2015","29 Jul 2015","07 Aug 2015","18 Aug 2015","27 Aug 2015","07 Sep 2015","21 Sep 2015","01 Oct 2015","13 Oct 2015","26 Oct 2015","13 Nov 2015","27 Nov 2015","09 Dec 2015","24 Dec 2015","05 Jan 2016","20 Jan 2016","10 Feb 2016","14 Mar 2016","23 Mar 2016","13 Apr 2016","28 Apr 2016","12 May 2016","25 May 2016","22 Jun 2016","01 Jul 2016","13 Jul 2016","26 Jul 2016","11 Aug 2016","24 Aug 2016","07 Sep 2016","20 Sep 2016","06 Oct 2016","19 Oct 2016","30 Oct 2016","10 Nov 2016","22 Nov 2016","01 Dec 2016","14 Dec 2016","23 Dec 2016","03 Jan 2017","12 Jan 2017","23 Jan 2017","02 Feb 2017","13 Feb 2017","22 Feb 2017","07 Mar 2017","20 Mar 2017","31 Mar 2017","12 Apr 2017","24 Apr 2017","04 May 2017","15 May 2017","26 May 2017","08 Jun 2017","22 Jun 2017","04 Jul 2017","13 Jul 2017","25 Jul 2017","03 Aug 2017","17 Aug 2017","29 Aug 2017","07 Sep 2017","18 Sep 2017","27 Sep 2017","09 Oct 2017","18 Oct 2017","30 Oct 2017","08 Nov 2017","17 Nov 2017","28 Nov 2017","07 Dec 2017","18 Dec 2017","28 Dec 2017","08 Jan 2018","17 Jan 2018","31 Jan 2018","15 Feb 2018","01 Mar 2018","14 Mar 2018","26 Mar 2018","06 Apr 2018","19 Apr 2018","30 Apr 2018"],"id":"653"},"stockPricesEventDays":{"exRightsStocks":{"20160718":22.1,"20161122":23.75,"20161121":24.95,"20161005":22.39,"20160311":20.89,"20161004":22.42,"20161125":25.2,"20161124":24.7,"20160310":21.98,"20161123":23.85,"20160711":21.72,"20160315":19.09,"20160712":21.34,"20160316":18.16,"20161129":26.8,"20161007":23.67,"20161128":25.55,"20161006":22.55,"20160831":22.26,"20160314":20.09,"20160715":21.46,"20160713":21.72,"20160317":17.65,"20160714":20.89,"20160318":16.79,"20160609":21.4,"20160728":21.85,"20161010":23.55,"20161130":25.8,"20160322":17.04,"20160323":16.66,"20161014":25.92,"20161013":24.7,"20160321":17.62,"20160722":22.1,"20160601":22.52,"20161019":29.95,"20161018":28.54,"20160720":22.42,"20161017":27.2,"20160721":22.42,"20160726":21.21,"20160727":20.82,"20160328":16.02,"20160329":15.25,"20160818":21.14,"20160816":21.53,"20160817":21.78,"20161104":33.5,"20160411":16.08,"20161103":33.25,"20161102":35.0,"20160530":22.52,"20161108":34.5,"20160811":22.1,"20161107":34.7,"20160413":16.88,"20160812":21.14,"20161109":32.8,"20160829":21.21,"20160708":21.27,"20160707":21.24,"20161111":30.0,"20161110":31.55,"20160421":18.58,"20161115":28.5,"20160422":19.51,"20160420":17.72,"20160425":20.47,"20160822":21.14,"20160701":22.1,"20160426":21.46,"20161118":26.2,"20161117":27.55,"20161116":29.0,"20160704":22.1,"20160429":20.73,"20160826":21.98,"20160705":21.21,"20160309":23.13,"20160823":22.2,"20160427":22.42,"20160824":22.2,"20160428":21.78,"20160915":23.13,"20160519":20.6,"20160916":22.78,"20160630":21.14,"20160510":19.22,"20161202":23.75,"20161201":24.8,"20160513":19.22,"20161207":23.65,"20160511":18.9,"20160512":18.9,"20160914":23.0,"20160518":19.64,"20161209":24.1,"20160912":21.91,"20160516":18.71,"20161208":24.05,"20160928":22.14,"20160929":23.07,"20160808":22.42,"20160805":22.3,"20160927":22.42,"20160520":21.62,"20161212":23.0,"20160920":22.81,"20160524":22.68,"20160525":23.71,"20160803":22.42,"20160408":15.38,"20160405":15.28,"20160923":22.81,"20160802":22.94,"20161030":35.25,"20160330":14.58,"20161021":33.0,"20161020":31.43,"20161027":33.65,"20161026":32.05,"20161025":32.95,"20161024":34.65,"20160613":20.34,"20160617":21.14,"20160219":24.35,"20160906":22.36,"20160907":21.46,"20160629":21.14,"20160509":20.18,"20160908":21.37,"20160909":20.89,"20160620":20.15,"20160623":20.5,"20160624":19.54,"20160503":19.93,"20160622":21.14,"20160902":21.34,"20160627":20.44,"20160628":20.18,"20160504":19.22,"20160901":22.42},"anncStocks":{"20151202":19.7,"20151204":18.74,"20151203":20.18,"20151209":20.37,"20151208":19.22,"20151207":19.22,"20160311":20.89,"20150918":17.78,"20160310":21.98,"20160315":19.09,"20160711":21.72,"20160316":18.16,"20160314":20.09,"20160317":17.65,"20160318":16.79,"20160609":21.4,"20151211":20.18,"20151210":21.78,"20150923":17.3,"20150924":17.3,"20150921":17.94,"20151218":20.18,"20150922":17.94,"20160322":17.04,"20160201":24.31,"20160323":16.66,"20150928":17.3,"20150929":17.3,"20160321":17.62,"20160205":24.25,"20160601":22.52,"20160204":24.31,"20160209":24.03,"20160328":16.02,"20160329":15.25,"20160208":23.07,"20151026":23.0,"20151028":21.14,"20151027":21.88,"20151021":24.19,"20151029":22.1,"20160411":16.08,"20160530":22.52,"20160413":16.88,"20151030":21.75,"20160708":21.27,"20160707":21.24,"20160421":18.58,"20160422":19.51,"20160420":17.72,"20160425":20.47,"20160426":21.46,"20160701":22.1,"20160429":20.73,"20160704":22.1,"20160309":23.13,"20160705":21.21,"20160427":22.42,"20160428":21.78,"20151124":19.86,"20160519":20.6,"20151127":19.22,"20151006":26.75,"20151126":19.22,"20151005":22.3,"20151120":19.22,"20151001":18.58,"20151008":31.65,"20151007":29.41,"20151009":33.0,"20160113":26.56,"20160630":21.14,"20160510":19.22,"20160114":25.28,"20160111":24.22,"20160112":25.4,"20160513":19.22,"20160511":18.9,"20151130":19.22,"20160512":18.9,"20160518":19.64,"20160516":18.71,"20151015":28.61,"20151014":27.26,"20151016":26.91,"20151013":26.75,"20151012":29.7,"20151019":26.27,"20160120":24.03,"20160520":21.62,"20160125":24.67,"20160524":22.68,"20160525":23.71,"20151020":25.44,"20160408":15.38,"20160405":15.28,"20151224":19.93,"20151103":20.76,"20151223":20.5,"20151104":19.73,"20151222":19.93,"20151221":21.46,"20151228":18.9,"20150930":17.94,"20151229":19.22,"20160330":14.58,"20160210":24.86,"20160216":23.64,"20160217":24.67,"20160613":20.34,"20160617":21.14,"20160219":24.35,"20151113":19.22,"20151116":19.22,"20160629":21.14,"20160509":20.18,"20151231":19.29,"20151230":19.54,"20151118":19.22,"20151119":19.22,"20160620":20.15,"20160101":20.25,"20160106":23.35,"20160623":20.5,"20160503":19.93,"20160624":19.54,"20160104":21.24,"20160105":22.3,"20160622":21.14,"20160627":20.44,"20160628":20.18,"20160504":19.22,"20160108":23.07},"recordStocks":{"20160718":22.1,"20161122":23.75,"20161121":24.95,"20161005":22.39,"20160311":20.89,"20161004":22.42,"20161125":25.2,"20161124":24.7,"20160310":21.98,"20161123":23.85,"20160711":21.72,"20160315":19.09,"20160712":21.34,"20160316":18.16,"20161129":26.8,"20161007":23.67,"20161128":25.55,"20161006":22.55,"20160831":22.26,"20160314":20.09,"20160715":21.46,"20160713":21.72,"20160317":17.65,"20160714":20.89,"20160318":16.79,"20160609":21.4,"20160728":21.85,"20161010":23.55,"20161130":25.8,"20160322":17.04,"20160323":16.66,"20161014":25.92,"20161013":24.7,"20160321":17.62,"20160722":22.1,"20160601":22.52,"20161019":29.95,"20161018":28.54,"20160720":22.42,"20161017":27.2,"20160721":22.42,"20160726":21.21,"20160727":20.82,"20160328":16.02,"20160329":15.25,"20160818":21.14,"20160816":21.53,"20160817":21.78,"20161104":33.5,"20160411":16.08,"20161103":33.25,"20161102":35.0,"20160530":22.52,"20161108":34.5,"20160811":22.1,"20161107":34.7,"20160413":16.88,"20160812":21.14,"20161109":32.8,"20160829":21.21,"20160708":21.27,"20160707":21.24,"20161111":30.0,"20161110":31.55,"20160421":18.58,"20161115":28.5,"20160422":19.51,"20160420":17.72,"20160425":20.47,"20160822":21.14,"20160701":22.1,"20160426":21.46,"20161118":26.2,"20161117":27.55,"20161116":29.0,"20160704":22.1,"20160429":20.73,"20160826":21.98,"20160705":21.21,"20160309":23.13,"20160823":22.2,"20160427":22.42,"20160824":22.2,"20160428":21.78,"20160915":23.13,"20160519":20.6,"20160916":22.78,"20160630":21.14,"20160510":19.22,"20161202":23.75,"20161201":24.8,"20160513":19.22,"20161207":23.65,"20160511":18.9,"20160512":18.9,"20160914":23.0,"20160518":19.64,"20161209":24.1,"20160912":21.91,"20160516":18.71,"20161208":24.05,"20160928":22.14,"20160929":23.07,"20160808":22.42,"20160805":22.3,"20160927":22.42,"20160520":21.62,"20161213":23.05,"20161212":23.0,"20160920":22.81,"20160524":22.68,"20160525":23.71,"20160803":22.42,"20160408":15.38,"20160405":15.28,"20160923":22.81,"20160802":22.94,"20161030":35.25,"20160330":14.58,"20161021":33.0,"20161020":31.43,"20161027":33.65,"20161026":32.05,"20161025":32.95,"20161024":34.65,"20160613":20.34,"20160617":21.14,"20160219":24.35,"20160906":22.36,"20160907":21.46,"20160629":21.14,"20160509":20.18,"20160908":21.37,"20160909":20.89,"20160620":20.15,"20160623":20.5,"20160624":19.54,"20160503":19.93,"20160622":21.14,"20160902":21.34,"20160627":20.44,"20160628":20.18,"20160504":19.22,"20160901":22.42}},"excelBean":{"Company":"CIL Nova Petro","Rights_Ratio":"1:01","FV":10,"Premium":5,"Announced":"23-05-16","Record":"25-10-16","Ex_Rights":"24-10-16","Hyperlink":"http://www.moneycontrol.com/stocks/company_info/pricechart.php?sc_did\u003dCIL05"}}