{"prime":"sa","number_set":{"balancesheet":[["Share Capital",{"2008-03-31":7.05,"2016-03-31":114.1,"2014-03-31":114.1,"2011-03-31":114.1,"2015-03-31":114.1,"2013-03-31":114.1,"2006-03-31":5.38,"2012-03-31":114.1,"2017-03-31":114.1,"2010-03-31":14.1,"2009-03-31":14.1,"2007-03-31":7.05}],["Reserves",{"2008-03-31":7.59,"2016-03-31":11.26,"2014-03-31":10.83,"2011-03-31":10.53,"2015-03-31":11.03,"2013-03-31":10.76,"2006-03-31":0.69,"2012-03-31":10.65,"2017-03-31":11.51,"2010-03-31":14.35,"2009-03-31":13.85,"2007-03-31":5.27}],["Borrowings",{"2008-03-31":1.29,"2016-03-31":11.79,"2014-03-31":11.54,"2011-03-31":0.97,"2015-03-31":11.54,"2013-03-31":11.88,"2006-03-31":0.0,"2012-03-31":11.41,"2017-03-31":11.58,"2010-03-31":0.0,"2009-03-31":0.01,"2007-03-31":0.03}],["Other Liabilities",{"2008-03-31":3.21,"2016-03-31":48.07,"2014-03-31":6.19,"2011-03-31":3.58,"2015-03-31":10.75,"2013-03-31":2.58,"2006-03-31":4.53,"2012-03-31":3.06,"2017-03-31":24.27,"2010-03-31":1.69,"2009-03-31":2.16,"2007-03-31":2.47}],["Total Liabilities",{"2008-03-31":19.14,"2016-03-31":185.22,"2014-03-31":142.66,"2011-03-31":129.18,"2015-03-31":147.42,"2013-03-31":139.32,"2006-03-31":10.6,"2012-03-31":139.22,"2017-03-31":161.46,"2010-03-31":30.14,"2009-03-31":30.12,"2007-03-31":14.82}],["Fixed Assets",{"2008-03-31":5.23,"2016-03-31":0.0,"2014-03-31":14.01,"2011-03-31":12.49,"2015-03-31":13.39,"2013-03-31":14.64,"2006-03-31":0.45,"2012-03-31":15.6,"2017-03-31":0.0,"2010-03-31":15.29,"2009-03-31":6.75,"2007-03-31":4.99}],["CWIP",{"2008-03-31":0.0,"2016-03-31":0.0,"2014-03-31":0.0,"2011-03-31":0.0,"2015-03-31":0.0,"2013-03-31":0.0,"2006-03-31":0.0,"2012-03-31":0.0,"2017-03-31":0.0,"2010-03-31":0.0,"2009-03-31":0.0,"2007-03-31":0.0}],["Investments",{"2008-03-31":0.0,"2016-03-31":21.15,"2014-03-31":8.25,"2011-03-31":32.84,"2015-03-31":10.75,"2013-03-31":8.75,"2006-03-31":0.0,"2012-03-31":27.81,"2017-03-31":15.12,"2010-03-31":0.0,"2009-03-31":0.0,"2007-03-31":0.0}],["Other Assets",{"2008-03-31":13.91,"2016-03-31":164.07,"2014-03-31":120.4,"2011-03-31":83.85,"2015-03-31":123.28,"2013-03-31":115.93,"2006-03-31":10.15,"2012-03-31":95.81,"2017-03-31":146.34,"2010-03-31":14.85,"2009-03-31":23.37,"2007-03-31":9.83}],["Total Assets",{"2008-03-31":19.14,"2016-03-31":185.22,"2014-03-31":142.66,"2011-03-31":129.18,"2015-03-31":147.42,"2013-03-31":139.32,"2006-03-31":10.6,"2012-03-31":139.22,"2017-03-31":161.46,"2010-03-31":30.14,"2009-03-31":30.12,"2007-03-31":14.82}]],"annual":[["Sales",{"2008-03-31":18.13,"2016-03-31":32.79,"2014-03-31":13.79,"2011-03-31":8.5,"2015-03-31":7.64,"2013-03-31":80.91,"2006-03-31":13.26,"2012-03-31":73.52,"2017-03-31":5.85,"2010-03-31":6.28,"2009-03-31":10.06,"2007-03-31":15.91}],["Expenses",{"2008-03-31":12.99,"2016-03-31":32.27,"2014-03-31":13.76,"2011-03-31":8.27,"2015-03-31":7.06,"2013-03-31":78.8,"2006-03-31":11.55,"2012-03-31":71.71,"2017-03-31":5.84,"2010-03-31":3.57,"2009-03-31":9.97,"2007-03-31":12.23}],["Operating Profit",{"2008-03-31":5.14,"2016-03-31":0.52,"2014-03-31":0.03,"2011-03-31":0.23,"2015-03-31":0.58,"2013-03-31":2.11,"2006-03-31":1.71,"2012-03-31":1.81,"2017-03-31":0.01,"2010-03-31":2.71,"2009-03-31":0.09,"2007-03-31":3.68}],["OPM",{"2008-03-31":28.35,"2016-03-31":1.59,"2014-03-31":0.22,"2011-03-31":2.71,"2015-03-31":7.59,"2013-03-31":2.61,"2006-03-31":12.9,"2012-03-31":2.46,"2017-03-31":0.17,"2010-03-31":43.15,"2009-03-31":0.89,"2007-03-31":23.13}],["Other Income",{"2008-03-31":0.0,"2016-03-31":0.26,"2014-03-31":0.71,"2011-03-31":0.2,"2015-03-31":0.29,"2013-03-31":0.67,"2006-03-31":0.01,"2012-03-31":0.91,"2017-03-31":0.3,"2010-03-31":0.0,"2009-03-31":0.0,"2007-03-31":0.02}],["Interest",{"2008-03-31":0.29,"2016-03-31":0.0,"2014-03-31":0.0,"2011-03-31":0.09,"2015-03-31":0.0,"2013-03-31":0.0,"2006-03-31":0.24,"2012-03-31":0.01,"2017-03-31":0.0,"2010-03-31":0.04,"2009-03-31":0.31,"2007-03-31":0.16}],["Depreciation",{"2008-03-31":1.47,"2016-03-31":0.47,"2014-03-31":0.63,"2011-03-31":2.62,"2015-03-31":0.63,"2013-03-31":2.64,"2006-03-31":0.04,"2012-03-31":2.59,"2017-03-31":0.0,"2010-03-31":2.65,"2009-03-31":2.77,"2007-03-31":0.48}],["Profit before tax",{"2008-03-31":3.38,"2016-03-31":0.32,"2014-03-31":0.1,"2011-03-31":-2.28,"2015-03-31":0.23,"2013-03-31":0.14,"2006-03-31":1.44,"2012-03-31":0.12,"2017-03-31":0.3,"2010-03-31":0.02,"2009-03-31":-2.99,"2007-03-31":3.06}],["Tax",{"2008-03-31":1.06,"2016-03-31":0.09,"2014-03-31":0.03,"2011-03-31":1.54,"2015-03-31":0.03,"2013-03-31":0.03,"2006-03-31":0.35,"2012-03-31":0.0,"2017-03-31":0.06,"2010-03-31":-0.48,"2009-03-31":-0.09,"2007-03-31":1.26}],["Net Profit",{"2008-03-31":2.32,"2016-03-31":0.23,"2014-03-31":0.07,"2011-03-31":-3.82,"2015-03-31":0.2,"2013-03-31":0.11,"2006-03-31":1.09,"2012-03-31":0.12,"2017-03-31":0.24,"2010-03-31":0.5,"2009-03-31":-2.9,"2007-03-31":1.8}],["EPS (unadj)",{"2008-03-31":3.29,"2016-03-31":0.0,"2014-03-31":0.01,"2011-03-31":0.0,"2015-03-31":0.0,"2013-03-31":0.01,"2006-03-31":2.03,"2012-03-31":0.01,"2017-03-31":0.0,"2010-03-31":0.35,"2009-03-31":0.0,"2007-03-31":2.55}],["Dividend Payout",{"2008-03-31":0.0,"2016-03-31":0.0,"2014-03-31":0.0,"2011-03-31":-0.0,"2015-03-31":0.0,"2013-03-31":0.0,"2006-03-31":0.0,"2012-03-31":0.0,"2017-03-31":0.0,"2010-03-31":0.0,"2009-03-31":-0.0,"2007-03-31":0.0}]],"cashflow":[["Cash from Operating Activity",{"2008-03-31":3.88,"2016-03-31":-2.59,"2014-03-31":-1.31,"2011-03-31":-68.25,"2015-03-31":2.2,"2013-03-31":-19.78,"2006-03-31":-0.51,"2012-03-31":5.88,"2017-03-31":-6.07,"2010-03-31":10.9,"2009-03-31":-10.61,"2007-03-31":3.21}],["Cash from Investing Activity",{"2008-03-31":-5.17,"2016-03-31":2.78,"2014-03-31":1.21,"2011-03-31":-32.8,"2015-03-31":-2.21,"2013-03-31":19.73,"2006-03-31":-0.03,"2012-03-31":-5.7,"2017-03-31":6.33,"2010-03-31":-10.88,"2009-03-31":-4.29,"2007-03-31":-7.92}],["Cash from Financing Activity",{"2008-03-31":1.26,"2016-03-31":0.0,"2014-03-31":0.0,"2011-03-31":100.97,"2015-03-31":0.0,"2013-03-31":0.0,"2006-03-31":0.0,"2012-03-31":0.0,"2017-03-31":0.0,"2010-03-31":-0.01,"2009-03-31":14.93,"2007-03-31":4.48}],["Net Cash Flow",{"2008-03-31":-0.03,"2016-03-31":0.19,"2014-03-31":-0.1,"2011-03-31":-0.08,"2015-03-31":-0.01,"2013-03-31":-0.05,"2006-03-31":-0.54,"2012-03-31":0.18,"2017-03-31":0.26,"2010-03-31":0.01,"2009-03-31":0.03,"2007-03-31":-0.23}]],"quarters":[["Sales",{"2016-06-30":1.24,"2016-12-31":0.91,"2017-03-31":2.5,"2017-06-30":0.04,"2015-06-30":1.52,"2015-03-31":2.17,"2017-09-30":2.55,"2015-12-31":17.23,"2016-03-31":10.92,"2017-12-31":5.56,"2016-09-30":1.27,"2015-09-30":3.39}],["Expenses",{"2016-06-30":1.2,"2016-12-31":0.88,"2017-03-31":2.55,"2017-06-30":0.07,"2015-06-30":1.29,"2015-03-31":2.25,"2017-09-30":2.56,"2015-12-31":17.02,"2016-03-31":10.85,"2017-12-31":5.52,"2016-09-30":1.21,"2015-09-30":3.11}],["Operating Profit",{"2016-06-30":0.04,"2016-12-31":0.03,"2017-03-31":-0.05,"2017-06-30":-0.03,"2015-06-30":0.23,"2015-03-31":-0.08,"2017-09-30":-0.01,"2015-12-31":0.21,"2016-03-31":0.07,"2017-12-31":0.04,"2016-09-30":0.06,"2015-09-30":0.28}],["OPM",{"2016-06-30":3.23,"2016-12-31":3.3,"2017-03-31":-2.0,"2017-06-30":-75.0,"2015-06-30":15.13,"2015-03-31":-3.69,"2017-09-30":-0.39,"2015-12-31":1.22,"2016-03-31":0.64,"2017-12-31":0.72,"2016-09-30":4.72,"2015-09-30":8.26}],["Other Income",{"2016-06-30":0.0,"2016-12-31":0.0,"2017-03-31":0.23,"2017-06-30":0.24,"2015-06-30":0.0,"2015-03-31":0.27,"2017-09-30":0.03,"2015-12-31":0.0,"2016-03-31":0.0,"2017-12-31":0.0,"2016-09-30":0.0,"2015-09-30":0.0}],["Depreciation",{"2016-06-30":0.0,"2016-12-31":0.0,"2017-03-31":0.0,"2017-06-30":0.0,"2015-06-30":0.16,"2015-03-31":0.16,"2017-09-30":0.0,"2015-12-31":0.16,"2016-03-31":0.0,"2017-12-31":0.0,"2016-09-30":0.0,"2015-09-30":0.16}],["Interest",{"2016-06-30":0.0,"2016-12-31":0.0,"2017-03-31":0.0,"2017-06-30":0.0,"2015-06-30":0.0,"2015-03-31":-0.01,"2017-09-30":0.0,"2015-12-31":0.0,"2016-03-31":0.0,"2017-12-31":0.0,"2016-09-30":0.0,"2015-09-30":0.0}],["Profit before tax",{"2016-06-30":0.04,"2016-12-31":0.03,"2017-03-31":0.18,"2017-06-30":0.22,"2015-06-30":0.07,"2015-03-31":0.03,"2017-09-30":0.02,"2015-12-31":0.04,"2016-03-31":0.08,"2017-12-31":0.04,"2016-09-30":0.06,"2015-09-30":0.12}],["Tax",{"2016-06-30":0.01,"2016-12-31":0.01,"2017-03-31":0.05,"2017-06-30":0.07,"2015-06-30":0.02,"2015-03-31":0.03,"2017-09-30":0.01,"2015-12-31":0.02,"2016-03-31":0.02,"2017-12-31":0.01,"2016-09-30":0.02,"2015-09-30":0.04}],["Net Profit",{"2016-06-30":0.02,"2016-12-31":0.02,"2017-03-31":0.14,"2017-06-30":0.15,"2015-06-30":0.05,"2015-03-31":0.01,"2017-09-30":0.01,"2015-12-31":0.02,"2016-03-31":0.06,"2017-12-31":0.03,"2016-09-30":0.04,"2015-09-30":0.09}]]},"bse_code":"531898","short_name":"Sanguine Media","nse_code":"","companyrating_set":[],"annualreport_set":[{"source":"bse","report_date":2017,"link":"http://www.bseindia.com/bseplus/AnnualReport/531898/5318980317.pdf"},{"source":"bse","report_date":2016,"link":"http://www.bseindia.com/bseplus/AnnualReport/531898/5318980316.pdf"},{"source":"bse","report_date":2015,"link":"http://www.bseindia.com/bseplus/AnnualReport/531898/5318980315.pdf"},{"source":"bse","report_date":2014,"link":"http://www.bseindia.com/bseplus/AnnualReport/531898/5318980314.pdf"},{"source":"bse","report_date":2013,"link":"http://www.bseindia.com/bseplus/annualreport/531898/5318980313.pdf"},{"source":"bse","report_date":2012,"link":"http://www.bseindia.com/bseplus/annualreport/531898/5318980312.pdf"},{"source":"bse","report_date":2011,"link":"http://www.bseindia.com/bseplus/annualreport/531898/5318980311.PDF"},{"source":"bse","report_date":2010,"link":"http://www.bseindia.com/bseplus/annualreport/531898/5318980310.pdf"}],"announcement_set":[{"ann_date":"28 Apr 2018","announcement":"Compliance Certificate For The Half Year Ended As On 31St March 2018","link":"https://www.bseindia.com/corporates/anndet_new.aspx?newsid\u003da8945da2-7849-45b0-85fa-fa26b58edda8"},{"ann_date":"28 Apr 2018","announcement":"Compliance Certificate For The Half Year Ended As On 31St March 2018","link":"https://www.bseindia.com/corporates/anndet_new.aspx?newsid\u003dbffbad8b-915c-4933-a049-6a584b028840"},{"ann_date":"21 Apr 2018","announcement":"Shareholding for the Period Ended March 31, 2018","link":"https://www.bseindia.com/corporates/anndet_new.aspx?newsid\u003dad47d59c-4f59-4160-bb40-cf56bdc50b48"},{"ann_date":"19 Apr 2018","announcement":"Statement Of Investor Complaints For The Quarter Ended March 2018","link":"https://www.bseindia.com/corporates/anndet_new.aspx?newsid\u003d533ab76b-342c-4308-b882-1008114fad3b"},{"ann_date":"20 Mar 2018","announcement":"Outcome Of Meeting Of Independent Directors","link":"https://www.bseindia.com/corporates/anndet_new.aspx?newsid\u003d2c3869f1-9547-4752-9c36-f6a088541e95"}],"warehouse_set":{"high_price":0.87,"low_price":0.49,"sales_growth":-25.73,"current_price":0.49,"dividend_yield":0.0,"face_value":10.0,"id":2601,"sales_growth_3years":-24.86,"profit_growth_5years":-14.59,"average_return_on_equity_3years":0.13,"book_value":11.03,"status":"Active","sales_growth_10years":-11.81,"average_return_on_equity_10years":-1.04,"profit_growth":135.71,"market_capitalization":5.59,"profit_growth_10years":-34.69,"price_to_earning":51.04,"industry":"Movies \u0026 Entertainment","analysis":{"remarks":[],"bad":["Though the company is reporting repeated profits, it is not paying out dividend","The company has delivered a poor growth of -39.72% over past five years.","Company has a low return on equity of 0.13% for last 3 years."],"good":["Company is virtually debt free.","Stock is trading at 0.04 times its book value","Company is expected to give good quarter"]},"result_type":"sa","profit_growth_3years":-10.61,"sales_growth_5years":-39.72,"return_on_equity":0.04,"average_return_on_equity_5years":0.18},"id":2880,"name":"Sanguine Media Ltd","screenerStockPrice":{"prices":[1.0,2.2,9.4,8.7,7.9,9.5,7.8,12.0,5.6,12.7,24.4,34.0,26.7,25.8,19.1,15.0,19.2,24.4,26.8,23.4,20.2,20.1,24.2,18.4,20.0,17.8,17.5,22.9,34.2,40.1,45.0,44.5,42.8,43.5,52.6,46.8,36.3,28.3,37.6,37.0,35.8,35.8,39.7,46.0,41.1,44.2,46.1,50.3,52.3,32.7,32.5,34.5,32.3,44.7,24.3,28.9,27.4,19.1,23.1,24.2,23.2,24.7,23.5,23.2,24.0,22.9,21.3,15.6,10.7,9.3,7.2,6.1,7.2,6.9,4.7,2.6,3.0,2.4,2.4,3.4,5.2,4.4,3.9,3.9,3.5,3.3,3.3,3.8,3.3,3.1,3.4,3.8,3.4,2.9,3.1,3.2,3.7,3.5,3.1,3.7,3.9,4.6,4.4,4.2,4.7,4.7,4.5,4.1,3.5,3.0,3.1,2.5,3.2,2.9,3.5,3.6,3.2,3.3,3.1,2.9,3.2,2.7,2.6,2.3,1.8,1.5,1.5,1.4,1.3,1.3,1.4,1.5,1.2,1.1,1.1,2.0,2.0,2.1,2.2,3.1,3.1,2.7,2.6,2.6,3.5,3.0,2.7,3.0,2.9,3.0,2.2,1.6,1.3,1.0,0.6,0.4,0.5,0.4,0.4,0.3,0.5,0.8,0.9,1.4,2.4,1.9,1.0,1.0,0.8,0.6,0.5,0.6,0.6,0.5,0.5,0.6,0.8,1.0,0.4,0.6,0.6,0.6,0.8,0.8,1.0,1.0,1.1,1.1,1.1,1.1,1.2,1.2,1.3,1.4,1.56,1.27,1.1,0.95,0.82,0.77,0.77,0.75,0.62,0.59,0.49],"dates":["16 Jun 2004","12 Aug 2004","22 Sep 2004","22 Nov 2004","10 Dec 2004","04 Jan 2005","08 Feb 2005","11 Mar 2005","11 May 2005","19 Aug 2005","12 Sep 2005","29 Sep 2005","20 Oct 2005","14 Nov 2005","08 Dec 2005","27 Dec 2005","16 Jan 2006","03 Feb 2006","23 Feb 2006","20 Mar 2006","12 Apr 2006","04 May 2006","24 May 2006","12 Jun 2006","28 Jun 2006","18 Jul 2006","08 Aug 2006","28 Aug 2006","14 Sep 2006","04 Oct 2006","21 Oct 2006","10 Nov 2006","29 Nov 2006","18 Dec 2006","08 Jan 2007","25 Jan 2007","15 Feb 2007","07 Mar 2007","26 Mar 2007","16 Apr 2007","07 May 2007","24 May 2007","12 Jun 2007","29 Jun 2007","18 Jul 2007","06 Aug 2007","24 Aug 2007","12 Sep 2007","01 Oct 2007","19 Oct 2007","07 Nov 2007","26 Nov 2007","13 Dec 2007","03 Jan 2008","22 Jan 2008","08 Feb 2008","27 Feb 2008","18 Mar 2008","08 Apr 2008","29 Apr 2008","20 May 2008","06 Jun 2008","25 Jun 2008","14 Jul 2008","31 Jul 2008","20 Aug 2008","09 Sep 2008","26 Sep 2008","17 Oct 2008","06 Nov 2008","26 Nov 2008","17 Dec 2008","06 Jan 2009","27 Jan 2009","13 Feb 2009","05 Mar 2009","26 Mar 2009","20 Apr 2009","11 May 2009","29 May 2009","17 Jun 2009","06 Jul 2009","23 Jul 2009","11 Aug 2009","28 Aug 2009","16 Sep 2009","08 Oct 2009","28 Oct 2009","17 Nov 2009","04 Dec 2009","23 Dec 2009","14 Jan 2010","03 Feb 2010","22 Feb 2010","12 Mar 2010","01 Apr 2010","22 Apr 2010","11 May 2010","28 May 2010","16 Jun 2010","05 Jul 2010","22 Jul 2010","10 Aug 2010","27 Aug 2010","16 Sep 2010","05 Oct 2010","22 Oct 2010","10 Nov 2010","30 Nov 2010","20 Dec 2010","06 Jan 2011","25 Jan 2011","14 Feb 2011","04 Mar 2011","23 Mar 2011","11 Apr 2011","03 May 2011","20 May 2011","09 Jun 2011","28 Jun 2011","15 Jul 2011","03 Aug 2011","24 Aug 2011","14 Sep 2011","03 Oct 2011","24 Oct 2011","15 Nov 2011","02 Dec 2011","26 Dec 2011","11 Jan 2012","31 Jan 2012","17 Feb 2012","09 Mar 2012","28 Mar 2012","18 Apr 2012","07 May 2012","28 May 2012","14 Jun 2012","09 Jul 2012","02 Aug 2012","23 Aug 2012","10 Sep 2012","28 Sep 2012","18 Oct 2012","07 Nov 2012","27 Nov 2012","17 Dec 2012","04 Jan 2013","23 Jan 2013","11 Feb 2013","28 Feb 2013","19 Mar 2013","17 Apr 2013","11 May 2013","29 May 2013","17 Jun 2013","04 Jul 2013","24 Jul 2013","13 Aug 2013","02 Sep 2013","22 Sep 2014","14 Oct 2014","05 Nov 2014","25 Nov 2014","12 Dec 2014","01 Jan 2015","20 Jan 2015","09 Feb 2015","27 Feb 2015","18 Mar 2015","08 Apr 2015","28 Apr 2015","18 May 2015","04 Jun 2015","23 Jun 2015","10 Jul 2015","29 Jul 2015","17 Aug 2015","03 Sep 2015","23 Sep 2015","15 Oct 2015","05 Nov 2015","26 Nov 2015","04 Jan 2016","27 Jan 2016","25 Feb 2016","21 Apr 2016","07 Jun 2016","27 Jul 2016","19 Sep 2016","14 Oct 2016","11 Nov 2016","14 Dec 2016","10 Jan 2017","15 Feb 2017","07 Mar 2017","27 Mar 2017","17 Apr 2017","05 May 2017","24 May 2017","12 Jun 2017","04 Jul 2017","21 Jul 2017","05 Feb 2018","17 Apr 2018"],"id":"2880"},"stockPricesEventDays":{"exRightsStocks":{"20071206":33.1,"20071207":30.8,"20071203":32.0,"20071204":32.6,"20071205":33.2,"20080318":19.1,"20080319":17.6,"20080312":23.0,"20080313":20.3,"20080310":21.6,"20080311":24.0,"20080317":18.2,"20080314":20.9,"20080430":25.6,"20080428":23.9,"20080307":22.7,"20080703":21.6,"20080429":24.2,"20080704":21.2,"20080422":22.5,"20080423":24.1,"20080421":21.8,"20080305":24.1,"20080701":22.3,"20080702":21.7,"20080424":24.2,"20080303":26.6,"20080425":24.3,"20080304":25.8,"20071228":44.0,"20071224":40.7,"20071226":40.4,"20071227":42.1,"20071220":39.4,"20080617":22.7,"20080618":22.8,"20080219":29.6,"20080616":23.5,"20080619":22.7,"20080213":25.2,"20080610":22.3,"20080214":27.0,"20080211":26.5,"20080212":25.3,"20080613":22.6,"20080218":28.0,"20080611":23.2,"20080215":27.3,"20080612":23.4,"20080331":23.0,"20071217":33.2,"20071218":32.6,"20071219":32.9,"20071213":32.3,"20071214":34.0,"20080606":24.7,"20071210":30.2,"20080604":23.8,"20080208":28.9,"20071211":32.2,"20080605":24.8,"20071212":32.0,"20080609":24.5,"20080324":14.9,"20080201":27.2,"20080602":27.1,"20080327":20.0,"20080206":31.5,"20080603":26.3,"20080328":22.6,"20080207":29.6,"20080325":16.8,"20080204":29.4,"20080326":18.3,"20080205":29.6,"20080516":22.5,"20080114":39.0,"20080115":37.5,"20080630":22.4,"20080514":23.6,"20080118":31.6,"20080515":22.7,"20080512":22.7,"20080116":38.2,"20080513":23.3,"20080117":37.7,"20080110":36.9,"20080111":40.2,"20080507":25.2,"20071231":44.4,"20080508":24.3,"20080505":23.9,"20080109":40.6,"20080626":23.5,"20080506":24.1,"20080627":22.2,"20080509":23.8,"20080103":44.7,"20080620":21.1,"20080225":27.8,"20080104":43.6,"20080222":28.7,"20080101":46.2,"20080102":46.4,"20080228":27.5,"20080107":43.3,"20080624":20.7,"20080229":26.9,"20080108":39.6,"20080625":23.5,"20080226":27.4,"20080502":24.5,"20080227":27.4,"20080623":20.5,"20080220":27.8,"20080221":28.5,"20080417":20.8,"20080411":21.6,"20080530":26.2,"20080410":21.8,"20080415":22.6,"20080416":21.9,"20080130":27.2,"20080131":26.1,"20080529":28.4,"20080408":23.1,"20080409":22.5,"20080527":26.8,"20080528":28.8,"20080407":22.0,"20071130":32.4,"20080521":26.3,"20080125":28.5,"20080522":25.2,"20080401":23.3,"20080123":25.3,"20080520":23.2,"20080124":24.6,"20080404":23.4,"20080129":29.4,"20080526":28.6,"20080523":28.3,"20080402":22.7,"20080403":23.8,"20080128":27.7,"20080121":30.3,"20080122":24.3},"anncStocks":{"20071206":33.1,"20071207":30.8,"20071203":32.0,"20071204":32.6,"20071205":33.2,"20080318":19.1,"20080319":17.6,"20080312":23.0,"20080313":20.3,"20080310":21.6,"20080311":24.0,"20080317":18.2,"20080314":20.9,"20080430":25.6,"20080428":23.9,"20080307":22.7,"20080429":24.2,"20080422":22.5,"20080423":24.1,"20080421":21.8,"20080305":24.1,"20080424":24.2,"20080303":26.6,"20080425":24.3,"20080304":25.8,"20071228":44.0,"20071224":40.7,"20071226":40.4,"20071227":42.1,"20071220":39.4,"20080617":22.7,"20080618":22.8,"20080219":29.6,"20080616":23.5,"20080619":22.7,"20080213":25.2,"20080214":27.0,"20080610":22.3,"20080211":26.5,"20080212":25.3,"20080613":22.6,"20080218":28.0,"20080215":27.3,"20080611":23.2,"20080612":23.4,"20080331":23.0,"20071217":33.2,"20071218":32.6,"20071219":32.9,"20071213":32.3,"20071214":34.0,"20080606":24.7,"20071210":30.2,"20080208":28.9,"20071211":32.2,"20080604":23.8,"20071212":32.0,"20080605":24.8,"20080609":24.5,"20080324":14.9,"20080201":27.2,"20080602":27.1,"20080327":20.0,"20080206":31.5,"20080603":26.3,"20080328":22.6,"20080207":29.6,"20080325":16.8,"20080204":29.4,"20080326":18.3,"20080205":29.6,"20071129":33.4,"20071126":34.5,"20071127":33.2,"20071128":34.6,"20071121":28.8,"20071122":27.9,"20080516":22.5,"20071123":33.4,"20071120":30.3,"20080114":39.0,"20080115":37.5,"20080514":23.6,"20080118":31.6,"20080515":22.7,"20080512":22.7,"20080116":38.2,"20080513":23.3,"20080117":37.7,"20080110":36.9,"20080111":40.2,"20071119":31.9,"20080507":25.2,"20071231":44.4,"20080508":24.3,"20080505":23.9,"20080109":40.6,"20080506":24.1,"20080509":23.8,"20080103":44.7,"20080620":21.1,"20080225":27.8,"20080104":43.6,"20080222":28.7,"20080101":46.2,"20080102":46.4,"20080228":27.5,"20080107":43.3,"20080229":26.9,"20080108":39.6,"20080226":27.4,"20080502":24.5,"20080227":27.4,"20080623":20.5,"20080220":27.8,"20080221":28.5,"20080417":20.8,"20080411":21.6,"20080530":26.2,"20080410":21.8,"20080415":22.6,"20080416":21.9,"20080130":27.2,"20080131":26.1,"20080529":28.4,"20080408":23.1,"20080409":22.5,"20080527":26.8,"20080528":28.8,"20080407":22.0,"20071130":32.4,"20080521":26.3,"20080125":28.5,"20080522":25.2,"20080401":23.3,"20080123":25.3,"20080520":23.2,"20080124":24.6,"20080404":23.4,"20080129":29.4,"20080526":28.6,"20080523":28.3,"20080402":22.7,"20080403":23.8,"20080128":27.7,"20080121":30.3,"20080122":24.3},"recordStocks":{"20071207":30.8,"20080318":19.1,"20080319":17.6,"20080312":23.0,"20080313":20.3,"20080310":21.6,"20080311":24.0,"20080317":18.2,"20080314":20.9,"20080710":24.8,"20080711":24.2,"20080430":25.6,"20080428":23.9,"20080307":22.7,"20080703":21.6,"20080429":24.2,"20080704":21.2,"20080709":25.1,"20080707":23.2,"20080708":21.3,"20080422":22.5,"20080423":24.1,"20080421":21.8,"20080305":24.1,"20080701":22.3,"20080702":21.7,"20080424":24.2,"20080303":26.6,"20080425":24.3,"20080304":25.8,"20071228":44.0,"20071224":40.7,"20071226":40.4,"20071227":42.1,"20080617":22.7,"20071220":39.4,"20080618":22.8,"20080219":29.6,"20080616":23.5,"20080619":22.7,"20080213":25.2,"20080610":22.3,"20080214":27.0,"20080211":26.5,"20080212":25.3,"20080613":22.6,"20080218":28.0,"20080611":23.2,"20080215":27.3,"20080612":23.4,"20080331":23.0,"20071217":33.2,"20071218":32.6,"20071219":32.9,"20071213":32.3,"20071214":34.0,"20080606":24.7,"20071210":30.2,"20080604":23.8,"20080208":28.9,"20071211":32.2,"20080605":24.8,"20071212":32.0,"20080609":24.5,"20080324":14.9,"20080201":27.2,"20080602":27.1,"20080327":20.0,"20080206":31.5,"20080603":26.3,"20080328":22.6,"20080207":29.6,"20080325":16.8,"20080204":29.4,"20080326":18.3,"20080205":29.6,"20080516":22.5,"20080114":39.0,"20080115":37.5,"20080630":22.4,"20080514":23.6,"20080118":31.6,"20080515":22.7,"20080512":22.7,"20080116":38.2,"20080513":23.3,"20080117":37.7,"20080110":36.9,"20080111":40.2,"20080507":25.2,"20071231":44.4,"20080508":24.3,"20080505":23.9,"20080109":40.6,"20080626":23.5,"20080506":24.1,"20080627":22.2,"20080509":23.8,"20080620":21.1,"20080103":44.7,"20080225":27.8,"20080104":43.6,"20080222":28.7,"20080101":46.2,"20080102":46.4,"20080228":27.5,"20080107":43.3,"20080624":20.7,"20080229":26.9,"20080108":39.6,"20080625":23.5,"20080226":27.4,"20080502":24.5,"20080227":27.4,"20080623":20.5,"20080220":27.8,"20080221":28.5,"20080417":20.8,"20080411":21.6,"20080530":26.2,"20080410":21.8,"20080415":22.6,"20080416":21.9,"20080130":27.2,"20080131":26.1,"20080529":28.4,"20080408":23.1,"20080409":22.5,"20080527":26.8,"20080528":28.8,"20080407":22.0,"20080521":26.3,"20080125":28.5,"20080522":25.2,"20080401":23.3,"20080123":25.3,"20080520":23.2,"20080124":24.6,"20080404":23.4,"20080129":29.4,"20080526":28.6,"20080523":28.3,"20080402":22.7,"20080403":23.8,"20080128":27.7,"20080121":30.3,"20080122":24.3}},"excelBean":{"Company":"Sanguine Media","Rights_Ratio":"1:01","FV":10,"Premium":13,"Announced":"4/6/2008","Record":"23-06-08","Ex_Rights":"16-06-08","Hyperlink":"http://www.moneycontrol.com/stocks/company_info/pricechart.php?sc_did\u003dSML03"}}