{"prime":"sa","number_set":{"balancesheet":[["Share Capital",{"2008-03-31":5.15,"2016-03-31":5.15,"2014-03-31":5.15,"2011-03-31":5.15,"2015-03-31":5.15,"2013-03-31":5.15,"2006-03-31":0.74,"2012-03-31":5.15,"2010-03-31":5.15,"2009-03-31":5.15,"2007-03-31":0.74}],["Reserves",{"2008-03-31":0.44,"2016-03-31":-4.93,"2014-03-31":1.51,"2011-03-31":1.8,"2015-03-31":1.43,"2013-03-31":1.62,"2006-03-31":0.45,"2012-03-31":1.86,"2010-03-31":1.23,"2009-03-31":0.63,"2007-03-31":0.53}],["Borrowings",{"2008-03-31":0.13,"2016-03-31":0.24,"2014-03-31":0.16,"2011-03-31":1.9,"2015-03-31":0.22,"2013-03-31":3.53,"2006-03-31":0.0,"2012-03-31":3.53,"2010-03-31":0.37,"2009-03-31":2.47,"2007-03-31":0.45}],["Other Liabilities",{"2008-03-31":0.43,"2016-03-31":2.97,"2014-03-31":112.26,"2011-03-31":34.51,"2015-03-31":112.29,"2013-03-31":113.52,"2006-03-31":0.11,"2012-03-31":113.62,"2010-03-31":1.26,"2009-03-31":1.01,"2007-03-31":1.5}],["Total Liabilities",{"2008-03-31":6.15,"2016-03-31":3.43,"2014-03-31":119.08,"2011-03-31":43.36,"2015-03-31":119.09,"2013-03-31":123.82,"2006-03-31":1.3,"2012-03-31":124.16,"2010-03-31":8.01,"2009-03-31":9.26,"2007-03-31":3.22}],["Fixed Assets",{"2008-03-31":0.08,"2016-03-31":0.0,"2014-03-31":0.0,"2011-03-31":0.07,"2015-03-31":0.0,"2013-03-31":0.15,"2006-03-31":0.01,"2012-03-31":0.24,"2010-03-31":0.56,"2009-03-31":0.08,"2007-03-31":0.01}],["CWIP",{"2008-03-31":0.0,"2016-03-31":0.0,"2014-03-31":0.0,"2011-03-31":0.0,"2015-03-31":0.0,"2013-03-31":0.0,"2006-03-31":0.0,"2012-03-31":0.0,"2010-03-31":0.0,"2009-03-31":0.0,"2007-03-31":0.0}],["Investments",{"2008-03-31":0.0,"2016-03-31":2.39,"2014-03-31":2.39,"2011-03-31":2.39,"2015-03-31":2.39,"2013-03-31":2.39,"2006-03-31":0.88,"2012-03-31":2.39,"2010-03-31":2.39,"2009-03-31":0.0,"2007-03-31":0.5}],["Other Assets",{"2008-03-31":6.07,"2016-03-31":1.04,"2014-03-31":116.69,"2011-03-31":40.9,"2015-03-31":116.7,"2013-03-31":121.28,"2006-03-31":0.41,"2012-03-31":121.53,"2010-03-31":5.06,"2009-03-31":9.18,"2007-03-31":2.71}],["Total Assets",{"2008-03-31":6.15,"2016-03-31":3.43,"2014-03-31":119.08,"2011-03-31":43.36,"2015-03-31":119.09,"2013-03-31":123.82,"2006-03-31":1.3,"2012-03-31":124.16,"2010-03-31":8.01,"2009-03-31":9.26,"2007-03-31":3.22}]],"annual":[["Sales",{"2008-03-31":3.15,"2016-03-31":0.0,"2014-03-31":0.0,"2011-03-31":152.81,"2015-03-31":0.0,"2013-03-31":0.0,"2006-03-31":1.08,"2012-03-31":112.35,"2010-03-31":49.87,"2009-03-31":40.9,"2007-03-31":3.33}],["Expenses",{"2008-03-31":3.21,"2016-03-31":6.35,"2014-03-31":0.07,"2011-03-31":152.79,"2015-03-31":0.09,"2013-03-31":0.36,"2012-03-31":111.94,"2010-03-31":49.72,"2009-03-31":39.83,"2007-03-31":3.15}],["Operating Profit",{"2008-03-31":-0.06,"2016-03-31":-6.35,"2014-03-31":-0.07,"2011-03-31":0.02,"2015-03-31":-0.09,"2013-03-31":-0.36,"2012-03-31":0.41,"2010-03-31":0.15,"2009-03-31":1.07,"2007-03-31":0.18}],["OPM",{"2008-03-31":-1.9,"2016-03-31":"--","2014-03-31":"--","2011-03-31":0.01,"2015-03-31":"--","2013-03-31":"--","2012-03-31":0.36,"2010-03-31":0.3,"2009-03-31":2.62,"2007-03-31":5.41}],["Other Income",{"2008-03-31":0.0,"2016-03-31":0.0,"2014-03-31":0.0,"2011-03-31":1.03,"2015-03-31":0.0,"2013-03-31":0.21,"2006-03-31":0.13,"2012-03-31":0.08,"2010-03-31":1.44,"2009-03-31":0.0,"2007-03-31":0.0}],["Interest",{"2008-03-31":0.0,"2016-03-31":0.0,"2014-03-31":0.0,"2011-03-31":0.06,"2015-03-31":0.0,"2013-03-31":0.03,"2006-03-31":0.0,"2012-03-31":0.06,"2010-03-31":0.27,"2009-03-31":0.41,"2007-03-31":0.0}],["Depreciation",{"2008-03-31":0.0,"2016-03-31":0.0,"2014-03-31":0.03,"2011-03-31":0.16,"2015-03-31":0.0,"2013-03-31":0.07,"2006-03-31":0.0,"2012-03-31":0.08,"2010-03-31":0.06,"2009-03-31":0.01,"2007-03-31":0.0}],["Profit before tax",{"2008-03-31":-0.06,"2016-03-31":-6.36,"2014-03-31":-0.1,"2011-03-31":0.83,"2015-03-31":-0.08,"2013-03-31":-0.26,"2006-03-31":0.32,"2012-03-31":0.36,"2010-03-31":1.26,"2009-03-31":0.65,"2007-03-31":0.18}],["Tax",{"2008-03-31":0.03,"2016-03-31":0.0,"2014-03-31":-0.02,"2011-03-31":0.26,"2015-03-31":0.0,"2013-03-31":-0.02,"2006-03-31":0.06,"2012-03-31":0.31,"2010-03-31":0.36,"2009-03-31":0.16,"2007-03-31":0.05}],["Net Profit",{"2008-03-31":-0.09,"2016-03-31":-6.36,"2014-03-31":-0.08,"2011-03-31":0.57,"2015-03-31":-0.08,"2013-03-31":-0.24,"2006-03-31":0.26,"2012-03-31":0.06,"2010-03-31":0.9,"2009-03-31":0.49,"2007-03-31":0.13}],["EPS (unadj)",{"2008-03-31":0.0,"2016-03-31":0.0,"2014-03-31":0.0,"2011-03-31":0.11,"2015-03-31":0.0,"2013-03-31":0.0,"2006-03-31":3.38,"2012-03-31":0.01,"2010-03-31":0.17,"2009-03-31":0.09,"2007-03-31":1.62}],["Dividend Payout",{"2008-03-31":-0.0,"2016-03-31":-0.0,"2014-03-31":-0.0,"2011-03-31":0.0,"2015-03-31":-0.0,"2013-03-31":-0.0,"2006-03-31":14.13,"2012-03-31":0.0,"2010-03-31":28.58,"2009-03-31":52.5,"2007-03-31":28.27}]],"cashflow":[["Cash from Operating Activity",{"2008-03-31":0.35,"2016-03-31":-0.02,"2014-03-31":3.37,"2011-03-31":-3.25,"2015-03-31":-0.06,"2013-03-31":-0.01,"2006-03-31":0.16,"2012-03-31":-1.21,"2010-03-31":-2.25,"2009-03-31":-0.07,"2007-03-31":-0.97}],["Cash from Investing Activity",{"2008-03-31":0.38,"2016-03-31":0.0,"2014-03-31":0.0,"2011-03-31":0.9,"2015-03-31":0.0,"2013-03-31":0.0,"2006-03-31":-0.49,"2012-03-31":-0.18,"2010-03-31":-1.49,"2009-03-31":0.74,"2007-03-31":0.53}],["Cash from Financing Activity",{"2008-03-31":4.0,"2016-03-31":0.02,"2014-03-31":-3.37,"2011-03-31":1.19,"2015-03-31":0.06,"2013-03-31":-0.01,"2006-03-31":0.0,"2012-03-31":1.34,"2010-03-31":-2.37,"2009-03-31":1.93,"2007-03-31":0.45}],["Net Cash Flow",{"2008-03-31":4.73,"2016-03-31":0.0,"2014-03-31":0.0,"2011-03-31":-1.16,"2015-03-31":0.0,"2013-03-31":-0.02,"2006-03-31":-0.33,"2012-03-31":-0.05,"2010-03-31":-6.11,"2009-03-31":2.6,"2007-03-31":0.01}]],"quarters":[["Sales",{"2016-06-30":0.0,"2016-12-31":0.0,"2017-03-31":0.0,"2017-06-30":0.0,"2015-06-30":0.0,"2015-03-31":0.0,"2017-09-30":0.0,"2015-12-31":0.0,"2016-03-31":0.0,"2017-12-31":0.0,"2016-09-30":0.0,"2015-09-30":0.0}],["Expenses",{"2016-06-30":0.06,"2016-12-31":0.02,"2017-03-31":0.01,"2017-06-30":0.01,"2015-06-30":6.32,"2015-03-31":0.03,"2017-09-30":0.0,"2015-12-31":0.01,"2016-03-31":1.98,"2017-12-31":0.0,"2016-09-30":0.02,"2015-09-30":0.02}],["Operating Profit",{"2016-06-30":-0.06,"2016-12-31":-0.02,"2017-03-31":-0.01,"2017-06-30":-0.01,"2015-06-30":-6.32,"2015-03-31":-0.03,"2017-09-30":0.0,"2015-12-31":-0.01,"2016-03-31":-1.98,"2017-12-31":0.0,"2016-09-30":-0.02,"2015-09-30":-0.02}],["OPM",{"2016-06-30":"--","2016-12-31":"--","2017-03-31":"--","2017-06-30":"--","2015-06-30":"--","2015-03-31":"--","2017-09-30":"--","2015-12-31":"--","2016-03-31":"--","2017-12-31":"--","2016-09-30":"--","2015-09-30":"--"}],["Other Income",{"2016-06-30":0.0,"2016-12-31":0.0,"2017-03-31":0.0,"2017-06-30":0.0,"2015-06-30":0.0,"2015-03-31":0.0,"2017-09-30":0.0,"2015-12-31":0.0,"2016-03-31":0.0,"2017-12-31":0.0,"2016-09-30":0.0,"2015-09-30":0.0}],["Depreciation",{"2016-06-30":0.0,"2016-12-31":0.0,"2017-03-31":0.0,"2017-06-30":0.0,"2015-06-30":0.0,"2015-03-31":0.0,"2017-09-30":0.0,"2015-12-31":0.0,"2016-03-31":0.0,"2017-12-31":0.0,"2016-09-30":0.0,"2015-09-30":0.0}],["Interest",{"2016-06-30":0.0,"2016-12-31":0.0,"2017-03-31":0.0,"2017-06-30":0.0,"2015-06-30":0.0,"2015-03-31":0.0,"2017-09-30":0.0,"2015-12-31":0.0,"2016-03-31":0.0,"2017-12-31":0.0,"2016-09-30":0.0,"2015-09-30":0.0}],["Profit before tax",{"2016-06-30":-0.06,"2016-12-31":-0.02,"2017-03-31":-0.01,"2017-06-30":-0.01,"2015-06-30":-6.32,"2015-03-31":-0.02,"2017-09-30":0.0,"2015-12-31":-0.01,"2016-03-31":-1.98,"2017-12-31":0.0,"2016-09-30":-0.02,"2015-09-30":-0.02}],["Tax",{"2016-06-30":0.0,"2016-12-31":0.0,"2017-03-31":0.0,"2017-06-30":0.0,"2015-06-30":0.0,"2015-03-31":0.0,"2017-09-30":0.0,"2015-12-31":0.0,"2016-03-31":0.0,"2017-12-31":0.0,"2016-09-30":0.0,"2015-09-30":0.0}],["Net Profit",{"2016-06-30":-0.06,"2016-12-31":-0.02,"2017-03-31":-0.01,"2017-06-30":-0.01,"2015-06-30":-6.32,"2015-03-31":-0.02,"2017-09-30":0.0,"2015-12-31":-0.01,"2016-03-31":-1.98,"2017-12-31":0.0,"2016-09-30":-0.02,"2015-09-30":-0.02}]]},"bse_code":"512413","short_name":"Spectacle Ventur","nse_code":"SPECTACLE","companyrating_set":[],"annualreport_set":[{"source":"bse","report_date":2016,"link":"http://www.bseindia.com/bseplus/AnnualReport/512413/5124130316.pdf"},{"source":"bse","report_date":2015,"link":"http://www.bseindia.com/bseplus/AnnualReport/512413/5124130315.pdf"},{"source":"bse","report_date":2014,"link":"http://www.bseindia.com/bseplus/AnnualReport/512413/5124130314.pdf"},{"source":"nse","report_date":2013,"link":"http://nseindia.com/annual_reports/AR_2142_SPECTACLE_2012_2013_30092013162028.zip"},{"source":"bse","report_date":2012,"link":"http://www.bseindia.com/bseplus/annualreport/512413/5124130312.pdf"},{"source":"nse","report_date":2012,"link":"http://nseindia.com/annual_reports/AR_SPECTACLE_2011_2012_01012013121717.zip"},{"source":"bse","report_date":2011,"link":"http://www.bseindia.com/bseplus/annualreport/512413/5124130311.pdf"},{"source":"nse","report_date":2011,"link":"http://nseindia.com/annual_reports/AR_SPECTACLE_2010_2011_13092011051717.zip"},{"source":"bse","report_date":2010,"link":"http://www.bseindia.com/bseplus/annualreport/512413/5124130310.pdf"},{"source":"nse","report_date":2010,"link":"http://nseindia.com/annual_reports/AR_SPECTACLE_2009_2010_01092010120000.zip"}],"announcement_set":[{"ann_date":"21 Apr 2018","announcement":"Statement Of Investor Complaints For The Quarter Ended March 2018","link":"https://www.bseindia.com/corporates/anndet_new.aspx?newsid\u003d69debd5f-d81f-415c-a5d6-597172123595"},{"ann_date":"20 Apr 2018","announcement":"Shareholding for the Period Ended March 31, 2018","link":"https://www.bseindia.com/corporates/anndet_new.aspx?newsid\u003d06557aeb-94af-4244-b48c-25e3f00891c5"},{"ann_date":"31 Mar 2018","announcement":"Reconcilation Statement And LLR Report For Quarter Ended 30.06.2017","link":"https://www.bseindia.com/corporates/anndet_new.aspx?newsid\u003df34432f3-a95a-4554-bd80-3f0b118dbf7e"},{"ann_date":"31 Mar 2018","announcement":"Results For Quarter Ending 31St March, 2017","link":"https://www.bseindia.com/corporates/anndet_new.aspx?newsid\u003d041f7f2a-e78f-4e52-8c57-be6690d898ac"},{"ann_date":"15 Feb 2018","announcement":"FINANCIAL RESULTS FOR QUARTER ENDING 31 DECEMBER 2017","link":"https://www.bseindia.com/corporates/anndet_new.aspx?newsid\u003d6262fd59-300a-4850-b09f-825ec5790ae4"}],"warehouse_set":{"high_price":1.4,"low_price":1.4,"current_price":0.76,"dividend_yield":0.0,"face_value":1.0,"id":3127,"average_return_on_equity_3years":-4.24,"book_value":0.04,"status":"Active","pair_url":"/company/SPECTACLE/consolidated","average_return_on_equity_10years":3.46,"profit_growth":99.04,"market_capitalization":3.91,"industry":"IT Consulting \u0026amp; Software","analysis":{"remarks":[],"bad":["Stock is trading at 19.54 times its book value","Company has low interest coverage ratio.","Promoter holding is low: 16.25%","Company has a low return on equity of -4.24% for last 3 years."],"good":["Promoter\u0027s stake has increased"]},"result_type":"sa","return_on_equity":-187.06,"average_return_on_equity_5years":-2.63},"id":3143,"name":"Spectacle Ventures Ltd","screenerStockPrice":{"prices":[0.08,0.13,0.39,0.51,0.61,0.88,0.91,0.95,0.95,0.94,0.94,0.94,0.96,0.96,0.95,0.96,1.07,1.3,1.25,1.13,1.01,1.06,1.06,0.9,1.01,1.36,2.11,3.26,4.15,3.75,5.8,8.45,8.81,7.3,5.2,5.76,7.02,6.05,7.06,10.41,10.67,13.29,17.3,12.19,12.86,14.74,13.29,10.01,13.99,13.8,15.1,17.51,16.62,15.36,13.15,14.77,13.24,15.9,19.57,23.79,30.69,42.65,42.95,44.0,43.9,44.1,54.45,57.35,65.0,73.4,50.0,47.25,46.35,46.95,41.0,41.0,42.0,44.85,58.75,58.55,67.5,69.0,70.05,74.5,76.0,74.35,75.0,82.35,84.25,84.7,89.0,95.1,107.4,120.2,120.9,118.45,124.95,130.15,130.0,131.7,134.65,135.1,148.1,148.1,151.1,153.0,160.55,160.15,160.05,162.25,162.4,162.55,83.9,50.35,31.85,24.6,20.7,13.3,17.45,18.65,18.8,18.45,17.1,16.1,16.75,16.1,16.15,16.5,16.25,15.55,15.2,13.85,15.68,15.01,14.29,14.75,14.0,12.06,9.79,9.69,6.3,5.39,4.91,5.15,4.83,4.44,4.0,3.95,3.45,3.82,3.51,3.8,3.06,3.15,3.5,3.35,3.73,3.2,3.55,3.32,3.19,3.17,3.1,2.8,2.7,2.75,2.95,2.9,2.5,2.35,2.17,2.4,1.7,1.1,0.74,0.75,0.63,0.54,0.54,0.51,0.49,0.43,0.55,0.79,1.17,1.77,2.18,2.16,1.5,1.05,1.38,1.85,1.98,2.29,1.48,1.36,1.15,1.31,1.0,0.68,0.71,0.78,0.77,1.1,1.15,1.26,1.55,1.5,1.3,1.4,1.0,1.02,0.91,0.7,0.7,0.64,0.7],"dates":["13 Jul 2004","22 Jun 2005","15 Jul 2005","05 Oct 2005","20 Dec 2005","18 Aug 2006","06 Sep 2006","19 Sep 2006","03 Oct 2006","16 Oct 2006","30 Oct 2006","13 Nov 2006","24 Nov 2006","08 Dec 2006","21 Dec 2006","09 Jan 2007","29 Jan 2007","12 Feb 2007","28 Feb 2007","15 Mar 2007","08 May 2007","21 Jun 2007","24 Jul 2007","21 Aug 2007","06 Sep 2007","19 Sep 2007","08 Oct 2007","19 Oct 2007","01 Nov 2007","16 Nov 2007","29 Nov 2007","12 Dec 2007","27 Dec 2007","09 Jan 2008","25 Jan 2008","11 Feb 2008","22 Feb 2008","07 Mar 2008","24 Mar 2008","04 Apr 2008","21 Apr 2008","05 May 2008","16 May 2008","30 May 2008","12 Jun 2008","25 Jun 2008","08 Jul 2008","21 Jul 2008","01 Aug 2008","14 Aug 2008","28 Aug 2008","11 Sep 2008","24 Sep 2008","08 Oct 2008","22 Oct 2008","06 Nov 2008","20 Nov 2008","10 Dec 2008","23 Dec 2008","06 Jan 2009","20 Jan 2009","03 Feb 2009","16 Feb 2009","02 Mar 2009","17 Mar 2009","30 Mar 2009","16 Apr 2009","29 Apr 2009","14 May 2009","28 May 2009","10 Jun 2009","23 Jun 2009","06 Jul 2009","17 Jul 2009","30 Jul 2009","12 Aug 2009","25 Aug 2009","07 Sep 2009","18 Sep 2009","06 Oct 2009","20 Oct 2009","03 Nov 2009","16 Nov 2009","27 Nov 2009","10 Dec 2009","23 Dec 2009","08 Jan 2010","21 Jan 2010","04 Feb 2010","17 Feb 2010","03 Mar 2010","16 Mar 2010","30 Mar 2010","13 Apr 2010","27 Apr 2010","10 May 2010","21 May 2010","03 Jun 2010","16 Jun 2010","29 Jun 2010","12 Jul 2010","23 Jul 2010","05 Aug 2010","18 Aug 2010","31 Aug 2010","14 Sep 2010","27 Sep 2010","08 Oct 2010","21 Oct 2010","03 Nov 2010","16 Nov 2010","30 Nov 2010","13 Dec 2010","27 Dec 2010","07 Jan 2011","20 Jan 2011","03 Feb 2011","16 Feb 2011","01 Mar 2011","15 Mar 2011","28 Mar 2011","08 Apr 2011","26 Apr 2011","09 May 2011","20 May 2011","02 Jun 2011","15 Jun 2011","28 Jun 2011","11 Jul 2011","22 Jul 2011","04 Aug 2011","18 Aug 2011","02 Sep 2011","15 Sep 2011","28 Sep 2011","12 Oct 2011","25 Oct 2011","09 Nov 2011","23 Nov 2011","07 Dec 2011","20 Dec 2011","02 Jan 2012","12 Jan 2012","25 Jan 2012","08 Feb 2012","22 Feb 2012","05 Mar 2012","19 Mar 2012","03 Apr 2012","18 Apr 2012","03 May 2012","18 May 2012","05 Jun 2012","18 Jun 2012","04 Jul 2012","18 Jul 2012","31 Jul 2012","13 Aug 2012","28 Aug 2012","08 Sep 2012","24 Sep 2012","08 Oct 2012","19 Oct 2012","05 Nov 2012","21 Nov 2012","06 Dec 2012","19 Dec 2012","02 Jan 2013","16 Jan 2013","29 Jan 2013","11 Feb 2013","22 Feb 2013","08 Mar 2013","21 Mar 2013","05 Apr 2013","29 Apr 2013","09 Jul 2013","09 Oct 2013","29 Oct 2013","14 Nov 2013","04 Dec 2013","23 Dec 2013","09 Jan 2014","23 Jan 2014","07 Feb 2014","25 Feb 2014","11 Mar 2014","24 Mar 2014","10 Apr 2014","07 May 2014","04 Jun 2014","18 Jun 2014","03 Jul 2014","22 Jul 2014","25 Aug 2014","08 Sep 2014","23 Sep 2014","16 Oct 2014","09 Jan 2015","29 Jan 2015","18 Mar 2015","10 Apr 2015","17 Aug 2015","22 Sep 2015","12 Oct 2015","29 Oct 2015","18 Nov 2015","04 Dec 2015","31 Dec 2015","02 Feb 2016","22 Feb 2016","09 Mar 2016","08 Jun 2016","23 Jun 2016","03 Aug 2016","28 Sep 2016","02 Nov 2016"],"id":"3143"},"stockPricesEventDays":{"exRightsStocks":{"20071206":12.5,"20070910":12.5,"20071207":12.5,"20070911":12.5,"20071208":12.5,"20070912":12.5,"20071209":12.5,"20071202":12.5,"20071203":12.5,"20071204":12.5,"20071205":12.5,"20071201":12.5,"20070917":12.5,"20070918":12.5,"20070919":12.5,"20070913":12.5,"20070914":12.5,"20070915":12.5,"20070916":12.5,"20070901":12.5,"20070906":12.5,"20070907":12.5,"20070908":12.5,"20070909":12.5,"20070902":12.5,"20070903":12.5,"20070904":12.5,"20070905":12.5,"20071107":12.5,"20070810":12.5,"20071108":12.5,"20070811":12.5,"20071109":12.5,"20070812":12.5,"20070813":12.5,"20071103":12.5,"20071224":12.5,"20071104":12.5,"20071225":12.5,"20071105":12.5,"20071226":12.5,"20071106":12.5,"20070930":12.5,"20071220":12.5,"20071221":12.5,"20071101":12.5,"20071222":12.5,"20071102":12.5,"20071223":12.5,"20070818":12.5,"20070819":12.5,"20070814":12.5,"20070815":12.5,"20070816":12.5,"20070817":12.5,"20070920":12.5,"20071217":12.5,"20070921":12.5,"20071218":12.5,"20070922":12.5,"20070801":12.5,"20071219":12.5,"20070923":12.5,"20070802":12.5,"20071213":12.5,"20071214":12.5,"20071215":12.5,"20071216":12.5,"20071210":12.5,"20071211":12.5,"20071212":12.5,"20070928":12.5,"20070807":12.5,"20070929":12.5,"20070808":12.5,"20070809":12.5,"20070924":12.5,"20070803":12.5,"20070925":12.5,"20070804":12.5,"20070926":12.5,"20070805":12.5,"20070927":12.5,"20070806":12.5,"20071129":12.5,"20071008":12.5,"20070711":12.5,"20071009":12.5,"20070712":12.5,"20070713":12.5,"20070714":12.5,"20071125":12.5,"20071004":12.5,"20071126":12.5,"20071005":12.5,"20071127":12.5,"20071006":12.5,"20070830":12.5,"20071128":12.5,"20071007":12.5,"20070831":12.5,"20070710":12.5,"20071121":12.5,"20071122":12.5,"20071001":12.5,"20071123":12.5,"20071002":12.5,"20071124":12.5,"20071003":12.5,"20071120":12.5,"20070719":12.5,"20070715":12.5,"20070716":12.5,"20070717":12.5,"20070718":12.5,"20071118":12.5,"20070821":12.5,"20071119":12.5,"20070822":12.5,"20070701":12.5,"20070823":12.5,"20070702":12.5,"20070824":12.5,"20070703":12.5,"20071114":12.5,"20071115":12.5,"20071116":12.5,"20071117":12.5,"20070820":12.5,"20071110":12.5,"20071111":12.5,"20071112":12.5,"20071113":12.5,"20070829":12.5,"20070708":12.5,"20070709":12.5,"20070825":12.5,"20070704":12.5,"20070826":12.5,"20070705":12.5,"20070827":12.5,"20070706":12.5,"20070828":12.5,"20070707":12.5,"20070612":12.5,"20070613":12.5,"20070614":12.5,"20070615":12.5,"20071026":12.5,"20071027":12.5,"20070730":12.5,"20071028":12.5,"20070731":12.5,"20070610":12.5,"20071029":12.5,"20070611":12.5,"20071022":12.5,"20071023":12.5,"20071024":12.5,"20071025":12.5,"20071020":12.5,"20071021":12.5,"20070616":12.5,"20070617":12.5,"20070618":12.5,"20070619":12.5,"20071019":12.5,"20070722":12.5,"20070601":12.5,"20070723":12.5,"20070602":12.5,"20070724":12.5,"20070603":12.5,"20070725":12.5,"20070604":12.5,"20071015":12.5,"20071016":12.5,"20071017":12.5,"20070720":12.5,"20071018":12.5,"20070721":12.5,"20071011":12.5,"20071012":12.5,"20071013":12.5,"20071014":12.5,"20071130":12.5,"20071010":12.5,"20070609":12.5,"20070726":12.5,"20070605":12.5,"20070727":12.5,"20070606":12.5,"20070728":12.5,"20070607":12.5,"20070729":12.5,"20070608":12.5,"20070630":12.5,"20070623":12.5,"20070624":12.5,"20070625":12.5,"20070626":12.5,"20070620":12.5,"20070621":12.5,"20070622":12.5,"20071030":12.5,"20071031":12.5,"20070627":12.5,"20070628":12.5,"20070629":12.5,"20070531":12.5,"20070530":12.5,"20070524":12.5,"20070525":12.5,"20070526":12.5,"20070527":12.5,"20070522":12.5,"20070523":12.5,"20070528":12.5,"20070529":12.5},"anncStocks":{"20051031":12.5,"20060208":12.5,"20060209":12.5,"20060206":12.5,"20060207":12.5,"20060204":12.5,"20060205":12.5,"20060202":12.5,"20060203":12.5,"20060201":12.5,"20060217":12.5,"20060218":12.5,"20060215":12.5,"20060216":12.5,"20060213":12.5,"20060214":12.5,"20060211":12.5,"20060212":12.5,"20060210":12.5,"20060109":12.5,"20060107":12.5,"20060108":12.5,"20060105":12.5,"20060106":12.5,"20060103":12.5,"20060104":12.5,"20060101":12.5,"20060102":12.5,"20060118":12.5,"20060119":12.5,"20060116":12.5,"20060117":12.5,"20060114":12.5,"20060115":12.5,"20060112":12.5,"20060113":12.5,"20060110":12.5,"20060111":12.5,"20060129":12.5,"20060127":12.5,"20060128":12.5,"20060125":12.5,"20060126":12.5,"20060123":12.5,"20060124":12.5,"20060121":12.5,"20060122":12.5,"20060120":12.5,"20060130":12.5,"20060131":12.5,"20050904":12.5,"20050905":12.5,"20050906":12.5,"20050907":12.5,"20050908":12.5,"20050909":12.5,"20050901":12.5,"20050902":12.5,"20050903":12.5,"20050915":12.5,"20050916":12.5,"20050917":12.5,"20050918":12.5,"20050919":12.5,"20051201":12.5,"20051202":12.5,"20051203":12.5,"20051204":12.5,"20051205":12.5,"20051206":12.5,"20051207":12.5,"20050910":12.5,"20051208":12.5,"20050911":12.5,"20051209":12.5,"20050912":12.5,"20050913":12.5,"20050914":12.5,"20050926":12.5,"20050805":12.5,"20050927":12.5,"20050806":12.5,"20050928":12.5,"20050807":12.5,"20050929":12.5,"20050808":12.5,"20050809":12.5,"20051210":12.5,"20051211":12.5,"20051212":12.5,"20051213":12.5,"20051214":12.5,"20051215":12.5,"20051216":12.5,"20051217":12.5,"20050920":12.5,"20051218":12.5,"20050921":12.5,"20051219":12.5,"20050922":12.5,"20050801":12.5,"20050923":12.5,"20050802":12.5,"20050924":12.5,"20050803":12.5,"20050925":12.5,"20050804":12.5,"20050816":12.5,"20050817":12.5,"20050818":12.5,"20050819":12.5,"20051220":12.5,"20051221":12.5,"20051222":12.5,"20051101":12.5,"20051223":12.5,"20051102":12.5,"20051224":12.5,"20051103":12.5,"20051225":12.5,"20051104":12.5,"20051226":12.5,"20051105":12.5,"20051227":12.5,"20051106":12.5,"20050930":12.5,"20051228":12.5,"20051107":12.5,"20050810":12.5,"20051229":12.5,"20051108":12.5,"20050811":12.5,"20051109":12.5,"20050812":12.5,"20050813":12.5,"20050814":12.5,"20050815":12.5,"20050827":12.5,"20050828":12.5,"20050829":12.5,"20051230":12.5,"20051231":12.5,"20051110":12.5,"20051111":12.5,"20051112":12.5,"20051113":12.5,"20051114":12.5,"20051115":12.5,"20051116":12.5,"20051117":12.5,"20050820":12.5,"20051118":12.5,"20050821":12.5,"20051119":12.5,"20050822":12.5,"20050823":12.5,"20050824":12.5,"20050825":12.5,"20050826":12.5,"20050717":12.5,"20050718":12.5,"20050719":12.5,"20051120":12.5,"20051121":12.5,"20051122":12.5,"20051001":12.5,"20051123":12.5,"20051002":12.5,"20051124":12.5,"20051003":12.5,"20051125":12.5,"20051004":12.5,"20051126":12.5,"20051005":12.5,"20051127":12.5,"20051006":12.5,"20050830":12.5,"20051128":12.5,"20051007":12.5,"20050831":12.5,"20051129":12.5,"20051008":12.5,"20051009":12.5,"20050715":12.5,"20050716":12.5,"20050728":12.5,"20050729":12.5,"20051130":12.5,"20051010":12.5,"20051011":12.5,"20051012":12.5,"20051013":12.5,"20051014":12.5,"20051015":12.5,"20051016":12.5,"20051017":12.5,"20050720":12.5,"20051018":12.5,"20050721":12.5,"20051019":12.5,"20050722":12.5,"20050723":12.5,"20050724":12.5,"20050725":12.5,"20050726":12.5,"20050727":12.5,"20051030":12.5,"20051020":12.5,"20051021":12.5,"20051022":12.5,"20051023":12.5,"20051024":12.5,"20051025":12.5,"20051026":12.5,"20051027":12.5,"20050730":12.5,"20051028":12.5,"20050731":12.5,"20051029":12.5},"recordStocks":{"20071206":12.5,"20071207":12.5,"20070910":12.5,"20071208":12.5,"20070911":12.5,"20071209":12.5,"20070912":12.5,"20071202":12.5,"20071203":12.5,"20071204":12.5,"20071205":12.5,"20071201":12.5,"20070917":12.5,"20070918":12.5,"20070919":12.5,"20070913":12.5,"20070914":12.5,"20070915":12.5,"20070916":12.5,"20070901":12.5,"20070906":12.5,"20070907":12.5,"20070908":12.5,"20070909":12.5,"20070902":12.5,"20070903":12.5,"20070904":12.5,"20070905":12.5,"20071107":12.5,"20070810":12.5,"20071228":12.5,"20071108":12.5,"20070811":12.5,"20071229":12.5,"20071109":12.5,"20070812":12.5,"20070813":12.5,"20071103":12.5,"20071224":12.5,"20071104":12.5,"20071225":12.5,"20071105":12.5,"20071226":12.5,"20071106":12.5,"20070930":12.5,"20071227":12.5,"20071220":12.5,"20071221":12.5,"20071101":12.5,"20071222":12.5,"20071102":12.5,"20071223":12.5,"20070818":12.5,"20070819":12.5,"20070814":12.5,"20070815":12.5,"20070816":12.5,"20070817":12.5,"20070920":12.5,"20071217":12.5,"20070921":12.5,"20071218":12.5,"20070922":12.5,"20070801":12.5,"20071219":12.5,"20070923":12.5,"20070802":12.5,"20071213":12.5,"20071214":12.5,"20071215":12.5,"20071216":12.5,"20071210":12.5,"20071211":12.5,"20071212":12.5,"20070928":12.5,"20070807":12.5,"20070929":12.5,"20070808":12.5,"20070809":12.5,"20070924":12.5,"20070803":12.5,"20070925":12.5,"20070804":12.5,"20070926":12.5,"20070805":12.5,"20070927":12.5,"20070806":12.5,"20071129":12.5,"20071008":12.5,"20070711":12.5,"20071009":12.5,"20070712":12.5,"20070713":12.5,"20070714":12.5,"20071125":12.5,"20071004":12.5,"20071126":12.5,"20071005":12.5,"20071127":12.5,"20071006":12.5,"20070830":12.5,"20071128":12.5,"20071007":12.5,"20070831":12.5,"20070710":12.5,"20071121":12.5,"20071122":12.5,"20071001":12.5,"20071123":12.5,"20071002":12.5,"20071124":12.5,"20071003":12.5,"20071120":12.5,"20070719":12.5,"20070715":12.5,"20070716":12.5,"20070717":12.5,"20070718":12.5,"20071118":12.5,"20070821":12.5,"20071119":12.5,"20070822":12.5,"20070701":12.5,"20070823":12.5,"20070702":12.5,"20070824":12.5,"20070703":12.5,"20071114":12.5,"20071115":12.5,"20071116":12.5,"20071117":12.5,"20070820":12.5,"20071110":12.5,"20071231":12.5,"20071111":12.5,"20071112":12.5,"20071113":12.5,"20071230":12.5,"20070829":12.5,"20070708":12.5,"20070709":12.5,"20070825":12.5,"20070704":12.5,"20070826":12.5,"20070705":12.5,"20070827":12.5,"20070706":12.5,"20070828":12.5,"20070707":12.5,"20070612":12.5,"20070613":12.5,"20070614":12.5,"20070615":12.5,"20071026":12.5,"20071027":12.5,"20070730":12.5,"20071028":12.5,"20070731":12.5,"20070610":12.5,"20071029":12.5,"20070611":12.5,"20071022":12.5,"20071023":12.5,"20071024":12.5,"20071025":12.5,"20071020":12.5,"20071021":12.5,"20070616":12.5,"20070617":12.5,"20070618":12.5,"20070619":12.5,"20071019":12.5,"20070722":12.5,"20070601":12.5,"20070723":12.5,"20070602":12.5,"20070724":12.5,"20070603":12.5,"20070725":12.5,"20070604":12.5,"20071015":12.5,"20071016":12.5,"20071017":12.5,"20070720":12.5,"20071018":12.5,"20070721":12.5,"20071011":12.5,"20071012":12.5,"20071013":12.5,"20071014":12.5,"20071130":12.5,"20071010":12.5,"20070609":12.5,"20070726":12.5,"20070605":12.5,"20070727":12.5,"20070606":12.5,"20070728":12.5,"20070607":12.5,"20070729":12.5,"20070608":12.5,"20070630":12.5,"20070623":12.5,"20070624":12.5,"20070625":12.5,"20070626":12.5,"20070620":12.5,"20070621":12.5,"20070622":12.5,"20071030":12.5,"20071031":12.5,"20070627":12.5,"20070628":12.5,"20070629":12.5,"20070531":12.5,"20070530":12.5,"20070529":12.5,"20080101":12.5,"20080102":12.5}},"excelBean":{"Company":"Spectacle","Rights_Ratio":"6:01","FV":10,"Premium":0,"Announced":"30-01-06","Record":"14-12-07","Ex_Rights":"7/12/2007","Hyperlink":"http://www.moneycontrol.com/stocks/company_info/pricechart.php?sc_did\u003dSI92"}}